3118 3962
271 213 272 216 ¹
323 191 348 252 6
668 195 705 246 II'.
724 192 981 244 ΠΑΟΤΤΑΡΧΟΣ.

319 353 500 416 πύθωνται
518 360 575 434 τῆς
593 355 786 436 μεταβολῆς,
805 351 919 416 ἀπιάσι
934 361 995 417 τοῦ
1008 358 1093 417 θεοῦ
1106 353 1343 433 καταγνόντες,

326 455 388 540 οὐχ
411 455 505 538 ἡμῶν
528 453 600 520 οὐδ’
624 455 733 520 αὑτῶν
753 457 796 532 ὡς
815 455 989 521 ἀδυνάτιον
1008 457 1114 521 όντων
1133 455 1341 533 ἐξικνεῖσθαι

327 571 372 647 τῷ
397 565 542 649 λογισμῷ
566 563 648 645 πρὸς
669 563 730 644 την
753 571 813 626 τοῦ
835 568 919 626 θεοῦ
943 561 1104 626 διάνοιαν.

449 825 493 890 ΙΙ.
522 825 690 901 Quomodo
714 827 842 890 litterae
866 829 904 915 ΕΙ
929 805 1044 912 templi
1068 811 1214 912 Dolphici
1278 911 1280 915 ι
1319 803 1321 806 ¹

663 922 900 1009 intellegendae
923 923 997 987 sint.

402 1021 404 1024 Ι
486 1049 638 1118 (Plutarch.
658 1052 693 1106 do
708 1053 760 1106 EI
776 1054 851 1121 apud
869 1051 995 1128 Delphos?
1013 1071 1035 1108 o.
1053 1055 1176 1122 17—21.)
1221 1099 1222 1103 ,

294 1214 306 1260 1
396 1192 475 1258 Ούτ’
492 1195 639 1280 ἀριθμὸν
651 1197 733 1261 οὔτε
751 1195 843 1273 τάξιν
863 1198 938 1262 ούτε
958 1198 1147 1280 σύνδεσμον
1166 1192 1234 1262 οὔτ’
1253 1198 1338 1259 ἀλλο

328 1312 395 1366 τῶν
413 1300 556 1366 ἐλλιπῶν
575 1307 702 1386 μορίων
722 1298 822 1368 οὐδὲν
842 1297 933 1384 οἶμαι
951 1305 988 1368 τὸ
1002 1304 1135 1388 γράμμα
1149 1291 1338 1386 σημαίνειν·

327 1403 399 1471 ἀλλ’
419 1409 509 1472 ἔστιν
528 1407 703 1490 αὐτοτελὴς
719 1419 781 1474 τοῦ
796 1415 879 1474 θεοῦ
892 1412 1153 1493 προσαγόρευσις
1166 1405 1220 1472 καί
1233 1423 1338 1490 προσ-

327 1513 484 1597 φώνησις,
499 1515 564 1598 ἀμα
587 1523 631 1601 τῷ
657 1515 776 1598 βῆματι
798 1516 857 1579 τὸν
880 1517 1113 1598 φθεγγόμενον
1134 1515 1181 1590 είς
1201 1515 1338 1579 ἔννοιαν

328 1625 513 1684 καθιστᾶσα
540 1628 596 1702 τῆς
623 1629 682 1684 τοῦ
709 1627 794 1685 θεοῦ
820 1621 999 1703 δυνάμεως.
1046 1621 1063 1685 ὁ
1086 1617 1147 1704 μὲν
1170 1620 1233 1703 γάρ
1255 1621 1337 1696 θεὸς

328 1724 465 1791 ἕκαστον
498 1725 591 1809 ἡμῶν
623 1725 770 1791 ἐνταῦθα
800 1728 981 1808 προσιόντα
1011 1715 1084 1790 οἷον
1114 1724 1337 1810 ἀσπαζόμενος

325 1833 565 1915 προσαγορεύει
594 1834 631 1896 τὸ
662 1831 789 1896 (Γνῶθι
810 1830 969 1912 Ισαυτόν’,
1000 1829 1018 1894 δ
1048 1841 1107 1896 τοῦ
1138 1829 1263 1916 (χαῖρέ
1292 1833 1335 1914 δὴ

329 1931 429 2000 οὐδὲν
459 1940 553 2020 μεῖόν
581 1937 680 2013 ἐστιν.
726 1937 818 2020 ἡμεῖς
846 1931 883 2000 δὲ
909 1935 1010 2000 πάλιν
1037 1935 1248 2020 ἀμειβόμενοι
1275 1939 1335 2002 τὸν

327 2043 411 2106 θεὸν
445 2038 513 2106 ‘Et’
544 2040 653 2128 φαμὲν
685 2043 729 2118 ὡς
760 2041 870 2124 ἀληθῆ
900 2039 955 2106 καὶ
985 2039 1113 2124 ἀψευδῆ
1143 2041 1197 2107 καὶ
1227 2045 1334 2127 μόνην

329 2151 419 2236 μόνῳ
442 2151 676 2232 προσήκουσαν
699 2149 759 2232 τῆν
782 2157 842 2213 τοῦ
865 2143 950 2212 εἶναι
972 2152 1237 2233 προσαγόρευσιν
1255 2147 1333 2212 ἀπο-

329 2256 485 2329 διδόντες.

294 2379 310 2426 ε
390 2357 492 2443 Ἡμῖν
524 2355 585 2443 μὲν
617 2360 679 2444 γάρ
710 2361 814 2436 ὄντως
842 2363 902 2424 τοῦ
932 2355 1017 2424 εἶναι
1048 2358 1194 2443 μέτεστιν
1223 2358 1334 2441 οὐδέν,

329 2464 412 2529 ἀλλά
435 2473 522 2529 πᾶσα
545 2467 652 2550 θνητῆ
675 2467 775 2550 φύσις
794 2465 936 2554 ἐνμέσῳ
956 2465 1114 2548 γενέσεως
1131 2463 1186 2530 καὶ
1204 2471 1334 2550 φθορᾶς

329 2569 489 2654 γενομένη
509 2571 621 2654 φάσμα
639 2570 772 2656 παρέχει
790 2569 845 2636 καὶ
864 2573 1001 2654 δόκησιν
1020 2571 1172 2656 ἀμυδρὰν
1189 2569 1244 2635 καὶ
1260 2569 1333 2654 ἀβέ-

329 2681 429 2762 βαιον
456 2676 567 2760 αὑτῆς·
596 2676 638 2742 ἀν
667 2673 703 2742 δὲ
726 2679 786 2760 την
810 2677 962 2742 διάνοιαν
986 2677 1151 2763 ἐπερείσης
1174 2675 1333 2762 λαβέσθαι

329 2785 546 2866 βουλόμενος,
579 2783 687 2865 ὥσπερ
716 2783 736 2866 ῆ
765 2784 895 2868 σφοδρά
924 2781 1113 2868 περίδραξις
1141 2783 1261 2860 ύδατος
1288 2795 1332 2871 τῷ

329 2887 450 2967 πιέζειν
478 2891 525 2966 είς
551 2889 649 2953 ταύτὸ
679 2887 733 2953 καὶ
756 2889 913 2972 συνάγειν
936 2886 1092 2972 διαρρέον
1114 2887 1275 2954 ἀπόλλυσι
1296 2893 1333 2956 τὸ

318 2998 670 3079 περιλαμβανόμενον,
690 2994 775 3058 οὕτω
794 3005 861 3058 τῶν
880 3001 1039 3077 παθητῶν
1057 2993 1112 3058 καὶ
1125 2999 1333 3079 μεταβλητῶν

331 3100 470 3168 έκάστου
493 3102 554 3184 τὴν
572 3102 657 3183 ἀγαν
675 3099 849 3184 ε’νάργειαν
867 3101 885 3166 δ
904 3103 1001 3183 λόγος
1020 3102 1150 3165 διώκων
1168 3100 1332 3186 ἀποσφάλ-

331 3215 421 3274 λεται
448 3215 486 3292 τῆ
514 3202 575 3290 μὲν
603 3208 650 3281 είς
675 3208 718 3271 τδ
741 3209 939 3288 γιγνόμενον
966 3207 1084 3290 αὐτοῦ,
1114 3215 1152 3292 τῆ
1176 3203 1210 3270 δ’
1231 3210 1277 3284 είς
1297 3211 1332 3274 τὸ

331 3315 573 3398 φθειρόμενον,
601 3310 738 3386 οὐδενὸς
765 3309 926 3394 λαβέσθαι
954 3310 1111 3396 μένοντος
1139 3309 1217 3378 οὐδὲ
1243 3315 1333 3390 ὄντος

298 3437 313 3484 3
334 3421 437 3493 ὅντως
460 3418 653 3500 δυνάμενος.
685 3421 829 3502 Ποταμῷ
852 3418 914 3499 γὰρ
939 3419 999 3482 οὐκ
1022 3421 1111 3483 έστιν
1130 3418 1269 3502 ἐμβῆναι
1286 3417 1333 3496 δὶς

333 3533 377 3608 τῶ
405 3523 511 3609 αὐτῷ,
538 3521 614 3587 καθ’
637 3520 974 3606 Ἡράκλειτονςούδὲ
1001 3531 1127 3607 θνητῆς
1150 3523 1263 3602 οὐσίας
1286 3523 1333 3602 δλς
