3118 3962
367 189 410 250 22
752 188 821 243 IVd.
840 191 986 242 ΛΤΣΙΑΣ.

368 419 395 482 d.
423 417 574 484 Criminis
599 421 741 502 ἀεεβείοιτ
765 421 818 504 (dc
838 443 928 486 sacro
949 422 1037 486 oleae
1056 420 1185 508 trunco)
1209 421 1375 485 refutatio.

739 542 812 612 (hys.
827 541 879 595 VII
896 543 1004 613 4-29.)

439 663 466 718 Ιε
490 663 539 732 qui
562 680 674 718 11111111
700 663 769 718 dicit
792 681 810 718 a
833 665 1004 719 Nicomacho
1028 663 1229 719 calumniatore
1254 665 1376 734 quodam

369 733 580 788 adulescentulo
600 735 636 787 ad
652 735 832 804 Areopagum
851 733 980 808 ἀσεβείας
997 735 1157 805 postulatus
1176 738 1231 804 ast,
1252 736 1329 804 quod
1348 735 1376 788 in

368 804 456 858 fundo
475 821 525 859 auo
544 805 637 858 oleam
654 805 799 875 publicam
814 805 1376 877 1111111111(μορία)1111111111111111111

369 878 468 945 saepto
490 875 756 958 1111111111(σηκίς)
779 875 930 933 effodisset,
967 878 1083 930 fundum
1107 877 1188 930 illum
1207 879 1293 932 antea
1311 894 1377 946 poa

370 945 483 1000 sederat
495 945 639 1014 Euander,
658 946 682 1000 is
701 964 751 1015 qur
769 965 832 1001 cum
846 947 1003 1018 Phrynicho
1019 947 1138 1016 aliisque
1153 947 1195 1002 01.
1211 955 1253 1016 92,
1270 955 1283 1000 1
1301 949 1377 1018 (411)

368 1016 558 1086 reipublicae
576 1017 695 1071 formam
714 1019 842 1074 mutavit.
873 1019 951 1073 cuius
971 1019 1045 1072 bona
1062 1018 1219 1087 Phrynicho
1239 1018 1275 1072 ab
1290 1019 1377 1087 Apol-

368 1085 466 1212 Ιοροεο
484 1087 632 1212 interfecto
650 1087 826 1158 pristinoque
844 1089 1031 1158 reipublicae
1045 1091 1122 1144 statu
1136 1090 1269 1144 renovabo
1284 1089 1376 1160 publi·

369 1174 434 1212 aaa
453 1175 525 1214 aun.

335 1318 348 1364 1
429 1295 494 1366 Ἦν
521 1299 582 1386 μὲν
608 1313 706 1368 τοῦτο
732 1303 942 1385 Πεισάνδρου
970 1305 1006 1368 τὸ
1030 1305 1168 1387 χωρίον,
1191 1303 1377 1386 δημευθέν-

368 1431 434 1472 των
467 1403 503 1472 δὲ
536 1419 602 1474 τῶν
633 1409 760 1475 ἐκείνου
788 1407 1036 1493 Ἀπολλόδωρος
1064 1409 1081 1474 ὁ
1109 1411 1285 1494 Μεγαρεὺς
1313 1411 1377 1473 δω-

369 1514 462 1597 ρειάν
488 1513 576 1599 παρά
603 1523 663 1580 τοῦ
693 1517 800 1599 δήμου
828 1515 940 1598 λαβὼν
963 1516 1021 1580 τὸν
1044 1511 1105 1598 μέν
1128 1515 1230 1580 ἄλλον
1253 1517 1378 1599 χρόνον

369 1618 534 1705 ἐγεώργει,
557 1621 658 1710 ὀλίγῳ
683 1617 721 1686 δὲ
742 1623 807 1702 πρὸ
830 1631 897 1686 τῶν
920 1620 1095 1704 τριάκοντα
1111 1617 1277 1703 Ἀντικλῆς
1295 1619 1374 1702 παρ’

369 1725 476 1791 αὐτοῦ
489 1727 668 1811 πριάμενος
687 1725 923 1810 ἐξεμίσθωσεν·
944 1725 1007 1808 ἐγὼ
1027 1721 1064 1790 δὲ
1081 1722 1157 1809 παρ’
1173 1723 1379 1803 Ἀντικλέους

335 1847 351 1894 2
371 1833 503 1915 εἰρήνης
531 1833 632 1916 οίίσης
657 1831 839 1916 ἐωνούμην.
885 1831 1029 1916 ἡγοῦμαι
1051 1836 1182 1912 τοίνυν,
1210 1825 1235 1894 ὦ
1259 1835 1379 1915 βουλή,

370 1935 450 2020 ἐμὸν
469 1940 567 2022 ἔργον
582 1937 762 2022 ἀποδείξαι,
781 1938 836 2021 ὡς,
855 1937 967 2022 ἐπειδὴ
985 1939 1023 2003 τὸ
1041 1941 1164 2022 χωρίον
1179 1935 1379 2020 ἐκτησάμην,

370 2040 438 2108 οὔτ’
463 2042 541 2108 ἐλάα
565 2045 640 2109 οὔτε
664 2046 763 2128 σηκὸς
786 2043 864 2127 ἐνῆν
887 2043 923 2108 έν
947 2044 1045 2130 αὐτῷ.
1085 2045 1206 2127 νομίζω
1230 2042 1293 2127 γάρ
1316 2053 1380 2109 τοῦ

370 2143 430 2231 μὲν
456 2146 619 2233 προτέρου
646 2151 786 2234 χρόνον,
813 2144 886 2214 οὐδ’
914 2149 946 2212 εί
970 2147 1072 2212 πάλαι
1099 2146 1222 2230 ἐνῆσαν
1249 2152 1380 2232 μυρίαι,

370 2253 431 2318 οὐκ
453 2252 495 2318 άυ
519 2255 653 2331 δικαίως
677 2257 887 2338 ζημιοῦσθαι·
910 2256 942 2318 εί
963 2255 1026 2338 γὰρ
1050 2255 1094 2337 μὴ
1118 2251 1161 2318 δι’
1184 2254 1268 2338 ἡμᾶς
1291 2255 1380 2319 εἰσιν

369 2357 608 2443 ἠφανισμέναι,
648 2357 748 2426 οὐδὲν
784 2363 942 2445 προσήκει
978 2357 1053 2444 περὶ
1088 2369 1155 2424 τῶν
1191 2358 1380 2444 ἀλλοτρίων

335 2483 350 2530 3
370 2464 608 2549 ἁμαρτημάτων
632 2466 676 2542 ὡς
699 2463 894 2542 ἀδικοῦντας
916 2465 1134 2530 κινδυνεύειν.
1171 2464 1291 2540 πάντες
1313 2466 1380 2549 γὰρ

370 2569 563 2655 ἐπίστασθε,
595 2571 645 2636 ὅτι
673 2571 690 2638 ὁ
718 2574 860 2654 πόλεμος
890 2569 946 2636 καί
972 2571 1084 2636 άλλων
1112 2574 1244 2635 πολλῶν
1271 2575 1382 2646 αίτιος

369 2689 479 2742 κακῶν
506 2675 677 2761 γεγένηται
705 2675 759 2741 καί
786 2676 825 2740 τά
852 2672 913 2760 μὲν
940 2679 1054 2762 πόρρω
1082 2675 1147 2742 ὑπὸ
1169 2676 1381 2758 Λακεδαιμο-

370 2787 452 2847 νίων
471 2781 632 2866 ἐτέμνετο,
650 2783 690 2846 τά
709 2779 738 2846 δ’
758 2781 856 2865 έγγὺς
873 2781 937 2847 ὑπὸ
955 2792 1022 2846 τῶν
1040 2785 1148 2864 φίλων
1168 2780 1380 2864 διηρπάζετο·

370 2890 452 2954 ὥστε
475 2899 543 2964 πῶς
565 2888 607 2952 δν
631 2889 766 2962 δικαίως
787 2882 870 2972 ὑπὲρ
894 2897 960 2952 τῶν
978 2895 1016 2972 τῇ
1034 2889 1127 2953 πόλει
1146 2883 1381 2969 γεγενημένων

370 3005 551 3078 συμφορῶν
575 2993 638 3076 ἐγὼ
661 2991 740 3058 νυνί
764 2994 860 3076 δίκην
885 2994 1030 3076 διδοίην;
1060 2994 1167 3068 άλλως
1190 3014 1223 3056 τε
1247 2989 1303 3056 καί
1326 2992 1380 3056 ὅτι

369 3103 407 3166 τὸ
429 3104 552 3185 χωρίον
576 3098 611 3164 έν
634 3108 678 3186 τῷ
698 3097 829 3187 πολέμῳ
849 3094 1016 3183 δημευθὲν
1034 3099 1201 3183 άπρακτον
1219 3091 1262 3180 ἦν
1280 3102 1381 3162 πλεῖν

335 3223 352 3271 4
371 3204 391 3288 ἢ
419 3204 483 3289 τρί’
510 3207 573 3288 ἔτη.
620 3204 661 3270 οὐ
688 3206 883 3288 θαυμαστὸν
907 3200 939 3270 δ’
962 3206 993 3268 εί
1014 3207 1086 3270 τότε
1109 3203 1166 3280 τάς
1187 3205 1306 3287 μορίας
1328 3202 1380 3281 έξ-

371 3310 520 3394 έκοπτον,
543 3309 580 3375 έν
603 3302 630 3398 ᾧ
654 3306 734 3375 οὐδὲ
756 3311 796 3374 τδι
818 3306 944 3394 ἡμέτερ’
968 3309 1078 3374 αὐτῶν
1100 3308 1277 3393 φυλάττειν
1296 3309 1379 3393 ἠδυ-

370 3417 510 3498 νάμεθα.
556 3414 733 3480 ἐπίστασθε
762 3413 815 3497 δέ,
843 3410 869 3479 ὦ
897 3417 1018 3498 βουλή,
1045 3414 1118 3480 ὅσοι
1145 3414 1285 3498 μάλιστα
1309 3425 1377 3479 τῶν

372 3520 532 3585 τοιούτων
552 3519 770 3604 ἐπιμελεῖσθε,
790 3517 881 3584 πόλλ’
903 3518 938 3583 έν
958 3519 1070 3607 ἐκείνω
1089 3529 1133 3606 τῷ
1154 3521 1262 3607 χρόνῳ
1282 3517 1374 3585 δασέ
