2604 3978
189 227 232 288 22
573 225 642 280 lvo.
662 228 808 278 ΛΤΣΙΑΣ.

190 457 217 519 d.
245 455 396 521 Criminis
421 457 563 539 ἀεεβεία(
587 458 639 542 (de
659 481 750 522 sacro
771 459 859 524 oleae
877 457 1006 544 trunco)
1030 459 1195 522 refutatio

560 579 633 648 (hys.
648 578 700 632 VlI
718 580 825 650 4-29.)

261 699 287 754 Is
312 699 360 768 qui
384 717 496 754 causam
521 700 591 754 dicio
614 718 631 754 a
654 701 825 756 Nicomacho
849 701 1051 756 cniumniatorc
1075 703 1196 772 quodam

190 770 402 825 adulescentulo
422 771 458 824 ad
474 772 653 842 Areopagum
672 771 801 846 ἀσεβείας
819 773 978 842 postulatus
998 775 1053 842 ost,
1073 773 1149 841 quod
1166 773 1196 826 in

190 841 277 896 fundo
297 859 347 896 suo
365 842 458 896 oleam
476 841 620 912 publicam
635 860 799 912 sacramque
814 843 1196 914 (μορία)οο1οίοεωιιοοιιω

191 914 289 982 saepto
312 913 451 966 munitum
473 911 578 995 (σηκός)
600 911 751 970 effodisset.
788 915 904 968 fundum
928 913 1009 968 illum
1029 917 1113 969 anteo
1131 931 1197 984 poo-

191 983 305 1036 sederat
317 981 461 1051 Piscndcr,
479 1001 504 1036 is
523 1001 572 1052 qu1
591 1001 654 1038 cum
667 983 824 1054 Phsynicho
840 984 959 1052 aliisque
975 985 1017 1040 Ol.
1033 993 1075 1054 92,
1092 992 1104 1038 1
1121 987 1196 1056 (411)

190 1053 379 1122 reipublicae
397 1054 517 1108 formam
535 1055 663 1110 mutavit.
694 1055 773 1110 cuius
792 1056 866 1109 bono
884 1055 1041 1124 Phrynicho
1060 1055 1097 1110 ab
1110 1056 1197 1124 Apol·

190 1123 288 1248 hiim
306 1124 453 1249 ίιμειίεοίο
471 1124 648 1194 pristinoque
666 1125 852 1196 reipublicae
866 1128 943 1180 statu
957 1129 1091 1182 renovato
1105 1127 1196 1196 publi-

191 1211 225 1248 ca
274 1213 347 1252 sun.

156 1354 169 1401 1
250 1331 315 1402 Ἦν
342 1335 403 1422 μὲν
430 1349 528 1406 τοῦτο
554 1340 764 1422 Πεισάνδρου
791 1342 827 1405 τὸ
851 1343 989 1424 χωρίον,
1012 1340 1197 1424 δημευθέν-

190 1467 256 1508 των
289 1440 325 1508 δὲ
357 1455 423 1510 τῶν
454 1445 582 1510 ἐκείνου
609 1443 857 1530 Ἀπολλόδωρος
885 1446 902 1511 ὁ
930 1448 1106 1530 Μεγαρεὺς
1133 1449 1197 1511 δω-

190 1550 284 1634 ρειάν
309 1550 398 1636 παρά
425 1560 484 1616 τοῦ
514 1553 621 1636 δήμου
650 1552 760 1635 λαβὼν
784 1553 842 1617 τὸν
866 1547 927 1635 μέν
949 1553 1052 1618 ἄλλον
1074 1555 1198 1637 χρόνον

191 1655 355 1741 ἐγεώργει,
379 1656 480 1746 ὀλίγῳ
504 1654 542 1723 δὲ
563 1659 628 1740 πρὸ
651 1669 718 1722 τῶν
741 1657 916 1741 τριάκοντα
932 1654 1099 1741 Ἀντικλῆς
1115 1657 1193 1740 παρ’

191 1761 293 1828 αὐτοῦ
311 1763 490 1848 πριάμενος
509 1763 744 1848 ἐξεμίσθωσεν·
765 1762 828 1846 ἐγὼ
848 1759 885 1828 δὲ
902 1759 978 1846 παρ’
995 1760 1198 1841 Ἀντικλέους
1293 1797 1294 1804 ¹

157 1869 325 1952 κείρήνης
353 1870 454 1952 οὔσης
478 1867 661 1953 ἐωνούμην.
706 1868 850 1953 ἡγοῦμαι
872 1872 1003 1950 τοίνυν,
1031 1863 1198 1952 διβουλη,
1293 1881 1294 1888 ’

191 1971 271 2057 ἐμὸν
290 1977 389 2060 ἔργον
403 1974 584 2058 ἀποδείξαι,
603 1975 657 2058 ὡς,
676 1974 788 2058 ἐπειδὴ
807 1976 844 2040 τὸ
862 1978 985 2060 χωρίον
1000 1973 1197 2058 ἐκτησάμην,
1293 2037 1294 2044 ,

191 2077 260 2144 οὔτ’
284 2079 362 2144 ἐλάα
386 2082 461 2146 οὔτε
485 2083 584 2165 σηκὸς
607 2079 685 2164 ἐνῆν
708 2080 744 2146 έν
768 2081 866 2168 αὐτῷ.
906 2083 1027 2164 νομίζω
1051 2080 1113 2166 γάρ
1136 2090 1198 2146 τοῦ
1293 2081 1294 2088 '

191 2180 251 2268 μέν
278 2183 440 2270 προτέρου
468 2189 607 2271 χρόνον,
634 2181 707 2250 οὐδ’
735 2185 767 2248 εί
791 2184 892 2248 πάλαι
920 2183 1043 2268 ἐνῆσαν
1070 2189 1198 2269 μυρίαι,
1293 2177 1294 2196 ’

191 2290 252 2356 οὐκ
275 2289 317 2354 hv
340 2293 474 2367 δικαίως
498 2294 708 2375 ζημιοῦσθαι·
731 2293 763 2354 εί
784 2291 846 2376 γάρ
871 2292 915 2374 μὴ
939 2288 983 2354 δι’
1005 2291 1089 2375 ἡμᾶς
1111 2293 1197 2356 είσιν
1293 2379 1294 2384 ¹

190 2394 430 2480 ἠφανισμέναι,
469 2393 570 2462 οὐδὲν
605 2399 763 2481 προσήκει
799 2395 874 2481 περὶ
909 2406 976 2462 τῶν
1012 2396 1198 2482 ἀλλοτρίων
1293 2415 1294 2454 ῑ

156 2520 171 2567 3
191 2501 430 2586 ἁμαρτημάτων
454 2502 497 2578 ὡς
520 2500 715 2579 ἀδικοῦντας
737 2503 955 2568 κινδυνεύειν.
992 2502 1112 2578 πάντες
1131 2503 1197 2587 γάρ
1293 2487 1294 2530 ί

191 2607 367 2673 ἐπίστασθε
374 2656 384 2691 ,
416 2607 467 2672 ὅτι
495 2607 512 2673 ὁ
539 2610 681 2691 πόλεμος
711 2605 766 2673 καλ
793 2608 906 2673 άλλων
932 2611 1065 2672 πολλῶν
1092 2613 1199 2684 αίτιος
1293 2595 1294 2662 ἶ

190 2725 300 2779 κακῶν
328 2711 499 2797 γεγένηται
525 2711 580 2778 καί
607 2713 646 2778 τδι
673 2709 734 2797 μὲν
762 2716 875 2800 πόρρω
902 2713 967 2780 ὑπὸ
990 2714 1198 2796 Λακεδαιμο-

191 2823 274 2884 νίων
293 2817 453 2902 ἐτέμνετο,
471 2819 511 2883 τά
530 2816 559 2884 δ’
579 2818 676 2902 ἐγγὺς
693 2819 758 2884 ὑπὸ
776 2829 843 2883 τῶν
861 2822 969 2901 φίλων
989 2818 1197 2902 διηρπάζετο·

191 2926 273 2990 ὥστε
296 2935 364 3000 πῶς
386 2925 428 2990 άν
452 2925 587 3000 δικαίως
608 2920 691 3009 ὑπὲρ
715 2935 781 2989 τῶν
799 2932 837 3009 τῇ
855 2927 948 2990 πόλει
967 2921 1199 3007 γεγενημένων
1293 2951 1294 3016 χ

191 3041 372 3115 συμφορῶν
396 3029 459 3114 ἐγὼ
482 3029 561 3095 νυνί
584 3031 681 3114 δίκην
705 3031 850 3113 διδοίην;
881 3031 988 3106 άλλως
1010 3052 1044 3094 τε
1068 3027 1122 3094 καί
1146 3031 1199 3095 ὅτι
1293 3039 1294 3056 ’

190 3139 228 3203 τὸ
250 3141 373 3222 χωρίον
396 3135 432 3201 έν
455 3146 499 3224 τῷ
519 3134 650 3224 πολέμῳ
670 3131 836 3220 δημευθὲν
855 3137 1022 3220 άπρακτον
1040 3129 1083 3218 ἦν
1101 3140 1200 3201 πλεῖν
1293 3165 1294 3210 4

156 3259 173 3308 4
192 3241 212 3326 ἢ
240 3242 304 3328 τρί’
331 3244 394 3326 έτη.
441 3241 482 3308 οὐ
509 3244 704 3325 θαυμαστὸν
728 3237 760 3306 δ’
783 3244 814 3306 εί
834 3244 907 3308 τότε
930 3241 987 3318 τὰς
1008 3243 1125 3326 μορίας
1147 3239 1199 3320 έξ-

192 3347 341 3432 έκοπτον,
364 3347 401 3412 έν
424 3340 451 3435 ρί
475 3344 555 3413 οὐδὲ
577 3348 617 3412 τδι
638 3343 765 3432 ἡμέτερ’
789 3346 899 3412 αὐτῶν
919 3346 1098 3433 φυλάττειν
1115 3347 1199 3431 ἠδυ-

191 3455 330 3538 νάμεθα.
377 3453 554 3518 ἐπίστασθε
583 3451 636 3534 δέ,
664 3448 689 3517 ὦ
717 3454 838 3536 βουλή,
865 3451 938 3518 ὅσοι
966 3452 1106 3537 μάλιστα
1128 3463 1197 3518 τῶν

191 3561 352 3625 τοιούτων
372 3557 589 3642 ἐπιμελεῖσθε,
609 3556 702 3624 πόλλ’
722 3557 758 3623 ἐν
778 3557 890 3646 ε’κείνμ
909 3567 953 3646 τῷ
974 3561 1082 3647 χρόνῳ
1102 3555 1194 3625 δασέ
