3118 3962
344 193 387 258 58
618 197 664 249 XI.
687 195 774 248 ΔῙΩΝ
792 195 1074 250 ΧΡΤΣΟΣΤΟΜΟΣ.

344 353 362 420 6
391 349 427 418 δέ
451 356 553 438 δῆμος
576 351 671 437 ἐγέλα
694 355 840 438 σφόδρα,
867 353 917 418 ὅτι
940 353 1077 438 ἐφίλουν
1101 353 1241 430 αὐτούς.
1293 355 1358 417 τότε

343 461 466 542 ἔγνων,
498 459 548 524 ὅτι
580 459 617 526 ἐν
648 471 718 535 ταῖς
749 462 884 524 πόλεσιν
917 459 958 526 ού
989 465 1145 544 φιλοῦσιν
1179 459 1360 544 ἀλλήλους.

343 567 521 649 παρελθὼν
551 562 588 632 δέ
619 565 743 643 ἐκεῖνος
772 566 790 632 6
820 563 964 650 ἐπιεικὴς
993 566 1011 632 6
1040 567 1101 650 τὴν
1132 565 1247 650 ἀρχὴν
1279 561 1358 645 ὑπὲρ

291 687 326 737 20
345 669 426 754 ἐμοῦ
449 669 555 754 λέγων
589 668 746 756 “Ἐμοί”,
772 673 851 756 ἐφη,
875 667 925 736 “δι
948 673 1078 757 ἄνδρες,
1101 673 1196 737 δοκεῖ
1216 671 1357 736 καλέσαι

343 787 462 842 τοῦτον
490 779 537 854 είς
563 780 600 843 τὸ
627 789 826 862 πρυτανεῖον
855 777 907 842 ἐπὶ
933 777 1035 856 ξένια·
1061 775 1136 844 ἀντὶ
1158 774 1198 842 δέ
1220 789 1293 844 τοῦ
1315 802 1356 862 χι-

343 892 462 966 τῶνος,
490 881 530 948 δν
554 885 654 948 ἐδιοκε
683 893 727 970 τῷ
755 887 872 969 πολίτη
900 885 1131 949 κινδυνεύοντι
1157 884 1221 966 τὴν
1249 889 1356 966 θυμα-

343 985 420 1073 τέρα
443 987 623 1069 ἀποδύσας,
646 988 819 1054 ἐπιδοῦναι
841 989 929 1076 αὐτῷ
952 990 1012 1073 τὴν
1034 992 1132 1055 πόλιν
1154 1000 1288 1074 χιτῶνα
1305 986 1353 1054 καλ

344 1093 485 1177 ίμάτιον,
508 1096 563 1159 ἵνα
581 1093 636 1159 καὶ
655 1107 723 1170 τοῖς
741 1095 853 1171 άλλοις
870 1096 1038 1180 προτροπὴ
1057 1093 1190 1178 γένηται
1211 1097 1353 1170 δικαίοις

343 1195 427 1264 εἶναι
459 1197 513 1265 καὶ
546 1200 700 1286 ἐπαρκεῖν
730 1200 900 1284 ἀλληλοις,
931 1205 1141 1286 ψηφίσασθαι
1171 1199 1210 1266 δὲ
1240 1202 1352 1276 αὐτοῖς

260 1371 262 1378 ,
342 1312 552 1389 καρποῦσθαι
579 1309 616 1371 τὸ
644 1309 767 1390 χωρίον
795 1304 849 1370 καί
872 1305 993 1383 αὐτοὺς
1015 1304 1070 1371 καὶ
1092 1306 1131 1370 τά
1153 1303 1273 1388 τέκνα,
1301 1305 1350 1370 καὶ

342 1409 468 1506 μηδένα
491 1412 602 1488 αὐτοῖς
626 1410 807 1496 ἐνοχλεῖν.”
849 1411 901 1477 ἐπὶ
924 1413 1029 1502 τούτῳ
1053 1408 1090 1477 δέ
1113 1411 1276 1498 ἐπῃνέθη,
1300 1410 1350 1476 καὶ

343 1515 471 1600 ἐγένετο
501 1517 545 1594 ὡς
574 1513 653 1582 εἷπε.
699 1515 752 1582 ἀπ’
785 1516 913 1583 ἐκείνου
944 1514 981 1582 δέ
1010 1517 1094 1602 ἡμᾶς
1124 1515 1237 1595 οὐδεὶς
1266 1519 1348 1602 ἠνώ-

342 1623 483 1708 χλησεν.’

168 1773 170 1776 -
289 1739 328 1793 ΙΙΙ
410 1731 539 1813 Σχεδὸν
563 1724 624 1794 οὖν
647 1731 815 1814 εἰρηκότος
837 1729 939 1795 αὐτοῦ
962 1739 1063 1795 ταῦτα
1084 1730 1165 1812 πρὸς
1182 1739 1256 1805 ταῖς
1273 1745 1346 1813 σκη-

342 1845 416 1910 ναῖς
434 1829 524 1918 ἦμεν.
553 1834 642 1918 κάγὼ
662 1836 800 1918 γελάσας
818 1831 925 1900 εἷπον·
948 1829 1048 1900 εἈλλ’
1065 1835 1102 1900 έν
1120 1858 1152 1898 τι
1170 1833 1345 1919 ἀπεκρύψω

342 1942 419 2015 τοὺς
436 1944 581 2025 πολίτας,
599 1943 636 2006 τὸ
655 1942 831 2006 κάλλιστον
849 1951 915 2006 τῶν
934 1938 1126 2024 κτημάτων.’
1154 1939 1212 2004 εΤί
1221 1941 1344 2017 τοῦτοί

343 2040 421 2110 εἶπε.
471 2044 553 2112 ‘Tov
582 2045 711 2130 κῆπον’,
741 2049 841 2130 ἔφην,
870 2045 1016 2128 “τοῦτον,
1044 2045 1132 2110 πάνυ
1161 2047 1264 2111 καλὸν
1293 2046 1343 2111 καί

343 2151 468 2236 λάχανα
498 2153 604 2218 πολλά
633 2149 688 2216 καὶ
719 2150 840 2236 δένδρα
870 2153 1007 2237 ἔχοντα’
1057 2149 1141 2215 Ὀὐκ
1170 2147 1240 2235 ἦν’,
1273 2156 1343 2238 ἔφη,

343 2257 438 2340 τότε,
456 2255 528 2324 ἀλλ’
544 2258 684 2342 ὕστερον
704 2256 924 2342 ἐποιήσαμεν]
960 2260 1167 2334 εἰσελθόντες
1186 2251 1247 2322 οὖν
1265 2259 1341 2324 εὐω-

341 2364 491 2447 χούμεθα
510 2366 546 2429 τὸ
565 2364 683 2430 λοιπὸν
697 2372 754 2446 τῆς
767 2360 901 2446 ἡμέρας,
919 2363 1012 2446 ἡμεῖς
1025 2359 1086 2446 μὲν
1099 2362 1341 2442 κατακλινέντες

342 2467 393 2533 ἐπὶ
416 2470 553 2553 φύλλιον
576 2492 610 2534 τε
633 2467 688 2534 καὶ
712 2469 883 2554 δερμάτων
907 2467 960 2534 ἐπὶ
983 2470 1136 2552 στιβάδος
1158 2469 1338 2554 ὑφηλης,ἡ

307 2571 377 2640 εδὲ
401 2576 486 2658 γυνὴ
509 2579 650 2659 πλησίον
672 2575 761 2659 παρὰ
779 2575 838 2640 τὸν
857 2576 964 2659 ἄνδρα
982 2574 1163 2659 καθημένη.
1194 2577 1336 2661 θυγάτηρ

341 2677 378 2745 δέ
408 2682 512 2763 ὡραία
540 2681 648 2764 γάμον
679 2682 862 2763 διηκονεῖτο
892 2678 946 2745 καὶ
976 2679 1079 2766 ἐνέχει
1105 2691 1194 2745 πιείν
1220 2680 1335 2764 μέλανα

341 2781 434 2851 οἶνον
456 2785 551 2868 ἡδύν.
597 2787 632 2852 oc
653 2782 689 2851 δὲ
711 2786 826 2862 παῖδες
848 2787 888 2850 τά
910 2784 989 2868 κρέα
1011 2787 1265 2870 παρεσκεύαζον,
1284 2787 1333 2852 καλ

320 2889 433 2956 ,αὐτοὶ
457 2893 523 2974 άμα
546 2891 722 2958 ἐδείπνουν
744 2890 991 2976 παρατιθέντες,
1014 2893 1096 2956 ὥστε
1118 2888 1174 2976 ἐμὲ
1192 2892 1332 2976 εὐδαιμο-

339 3000 440 3075 νίζειν
463 3000 541 3074 τοῦς
563 2996 763 3081 ἀνθρώπους
786 2996 932 3073 ἐκείνους
954 2995 1008 3062 καὶ
1033 3005 1164 3064 οἴεσθαι
1181 3003 1331 3083 μακαρίως

262 3093 267 3100 ”
341 3107 399 3187 ζῆν
424 3103 558 3167 πάντων
585 3103 725 3185 μάλιστα
752 3097 799 3168 ὧν
826 3103 1022 3187 ἠπιστάμην.
1071 3106 1134 3188 ἤδη
1164 3101 1195 3168 δ’
1226 3105 1330 3182 ίκανῦς

338 3209 432 3293 ἡμῶν
456 3207 599 3292 ἐχόντων
622 3204 705 3292 ἦλθε
728 3208 879 3286 κάκεῖνος
902 3209 920 3275 6
942 3207 1060 3290 ἕτερος.
1102 3212 1327 3293 συνηκολούθει

339 3311 376 3380 δὲ
404 3315 477 3391 υίὸς
499 3314 605 3402 αύτῷ,
634 3315 804 3400 μειράκιον
828 3315 889 3381 οὐκ
912 3314 1063 3399 ἀγεννές,
1090 3317 1201 3398 λαγὼν
1222 3313 1325 3400 φέρον.

339 3421 500 3486 εἰσελθὼν
529 3415 565 3484 δὲ
593 3415 690 3497 οὗτος
717 3421 935 3504 ἠρυθρίασεν·
970 3419 1007 3486 ἐν
1034 3421 1100 3509 όσφ
1129 3417 1165 3485 δέ
1193 3421 1210 3486 6
1235 3425 1323 3506 πατὴρ

338 3525 441 3590 αὐτοῦ
470 3526 629 3607 ἠσπάζετο
656 3525 757 3607 ἡμᾶς,
787 3525 884 3598 αὐτὸς
912 3523 1047 3607 ἐφίλησε
1072 3526 1134 3606 τὴν
1161 3528 1255 3620 κόρην
1278 3525 1323 3590 καλ
