2604 3978
459 213 525 263 lvo.
545 210 804 263 εΗιιοΣοιιαΗΣ,
1089 209 1128 272 21

126 370 205 446 στάς
222 373 251 450 [θ
266 373 307 454 ε],
325 371 343 436 δ
363 366 400 435 δὲ
418 368 472 435 καὶ
490 370 626 459 θανάτῳ
646 369 821 454 ζημιωθεὶς
839 375 1002 456 φαίνεται,
1020 375 1131 456 πολλῷ

126 473 285 561 δεινότερ’
307 471 346 542 εὑ
369 472 432 542 οἶδ’
456 475 506 541 ὅτι
529 477 648 553 πάντες
665 475 707 542 διν
726 472 811 542 εἶναι
830 479 972 561 φήσειαν
991 478 1030 541 τὰ
1050 480 1133 541 Μει-

126 584 183 669 δίῳ
205 581 428 666 πεπραγμένα·
452 583 527 647 οὑτε
551 581 614 664 γάρ
636 583 815 665 πομπεύων
838 583 913 649 ούτε
938 583 1035 666 δίκην
1052 579 1133 667 ᾑρη-

125 689 191 764 κὼς
218 688 294 752 ούτε
322 687 535 771 παρεδρεύων
562 685 633 752 οὔτ’
658 689 763 772 άλλην
787 697 909 772 σκῆψιν
933 691 1017 773 ἔχων
1039 687 1133 752 ούδε-

125 797 207 877 μίαν
224 794 311 876 πλήν
328 793 427 878 ὑβριν
445 803 580 871 τοιαῦτα
597 797 774 876 πεποίηκεν
793 785 836 859 οἷ’
859 791 968 870 οὐδεὶς
989 793 1133 858 ἐκείνων.

125 897 181 964 καὶ
203 899 341 975 τούτους
363 894 424 982 μὲν
447 897 542 963 ἐάσω.
579 897 661 964 ἀλλά
681 899 831 983 Πύρρον,
854 894 880 963 όι
900 901 1019 983 ἄνδρες
1033 896 1132 982 Ἀθη·
1150 914 1167 963 8

125 1016 232 1086 ναῖοι,
258 1007 317 1070 τὸν
339 1001 612 1088 Ἐτεοβουτάδην,
640 1002 852 1089 ἐνδειχθέντα
876 1005 1019 1083 δικάζειν
1042 1004 1132 1089 ὀφεί-

127 1116 227 1176 λοντα
262 1117 307 1195 τῳ
343 1111 508 1197 δημοσίῳ,
535 1111 679 1198 θανάτῳ
717 1112 879 1194 ζημιῶσαί
908 1134 995 1188 τινες
1027 1109 1131 1198 ᾤοντο

126 1225 261 1302 χρῆναι,
289 1213 344 1279 καὶ
371 1213 530 1298 τέθνηκεν
558 1214 658 1292 άλοὺς
684 1213 762 1300 παρ’
782 1215 878 1298 ὑμῖν·
906 1220 1012 1282 καίτοι
1035 1225 1132 1281 τοῦτο

125 1325 163 1388 τὸ
187 1327 297 1406 λήμμα
319 1317 363 1386 δι’
386 1321 533 1403 ἔνδειαν,
556 1321 597 1386 ού
621 1319 664 1386 δι’
687 1322 787 1405 ὑβριν
810 1322 990 1406 λαμβάνειν
1013 1321 1132 1407 ἐπεχεί-

1 1491 6 1498 ,
127 1447 229 1512 ρησεν
254 1427 386 1502 ἐκεῖνος.
422 1425 477 1491 καὶ
500 1429 644 1503 πολλοὺς
666 1426 708 1491 άν
732 1425 863 1512 ἑτέρους
887 1431 991 1512 ἔχοιμι
1015 1425 1133 1510 λέγειν,

128 1519 175 1600 ὧν
198 1535 233 1600 οί
253 1530 314 1618 μὲν
336 1539 507 1614 τεθνᾶσιν,
530 1532 565 1598 οί
586 1529 616 1596 δ’
638 1530 837 1616 ἠτιμωμένοι
856 1535 910 1598 διὰ
928 1538 1039 1620 πολλῷ
1059 1535 1133 1598 τού-

126 1663 193 1705 των
221 1637 306 1704 είσλν
333 1637 454 1704 ἐλάττω
481 1639 663 1721 πράγματα.
707 1639 816 1722 ὑμεῖς,
844 1634 870 1703 ὦ
898 1641 1017 1724 άυδρες
1035 1637 1132 1722 Ἀθη-

127 1757 232 1823 ναῖοι,
259 1747 396 1833 Σμίκρῳ
420 1743 498 1808 δέκα
521 1744 692 1808 ταλάντων
715 1742 887 1828 ἐτιμήσατε
910 1743 966 1810 καὶ
989 1749 1133 1810 Σκίτωνι

127 1851 295 1916 τοσούτων
318 1847 448 1934 ἑτέρων,
471 1849 586 1927 δόξασι
608 1849 783 1933 παράνομα
807 1850 960 1935 γράφειν,
983 1849 1037 1916 καὶ
1058 1852 1132 1918 οὑτε

127 1959 243 2022 παιδία
278 1957 354 2021 οὔτε
391 1960 509 2040 φίλους
546 1956 621 2020 ούτε
659 1968 830 2038 συγγενεῖς
866 1954 943 2022 οὔθ’
976 1957 1133 2022 ὁντινοῦν

127 2063 284 2146 ἠλεήσατε
307 2071 373 2125 τῶν
395 2063 570 2144 παρόντων
593 2059 740 2138 ἐκείνοις.
787 2063 831 2146 μή
855 2066 985 2145 τοίνυν,
1009 2061 1050 2127 διν
1073 2059 1168 2147 μένθ

127 2175 203 2254 είπη
229 2190 278 2242 τις
304 2163 481 2251 παράνομ’,
509 2166 614 2242 οὑτως
642 2167 847 2250 ὀργιζόμενοι
870 2172 1048 2252 φαίνεσθε,
1076 2168 1134 2234 ἐὰν

128 2271 165 2340 δὲ
187 2281 281 2356 ποιῇ,
304 2273 348 2356 μή
372 2271 467 2358 λέγη,
490 2273 600 2356 πράως
623 2273 801 2338 διάκεισθε.
847 2270 946 2338 οὐδὲν
969 2275 1031 2360 γάρ
1055 2265 1130 2359 ῥῆμ’

128 2377 200 2446 οὐδ’
224 2372 317 2462 ὄνομ’
339 2377 444 2454 οὑτως
467 2375 535 2443 ἐστὶ
558 2389 627 2454 τοῖς
649 2383 783 2455 πολλοῖς
801 2379 894 2462 ὑμῶν
914 2384 1067 2465 χαλεπόν,
1091 2382 1135 2457 ὡς

128 2483 178 2552 ὅσ
201 2485 344 2570 ὑβρίζων
366 2507 415 2562 τις
437 2486 495 2550 τὸν
514 2481 688 2568 ἐντυχόνθ’
706 2483 800 2568 ὑμῶν
820 2485 1056 2570 διαπράττεται.
1089 2489 1133 2571 μή

127 2595 243 2658 τοίνυν
270 2588 365 2656 αύτολ
391 2587 467 2654 καθ’
500 2589 593 2674 ὑμῶν
621 2590 730 2655 αὐτῶν
760 2592 876 2675 δεῖγμα
903 2601 1055 2658 τοιοῦτον
1086 2591 1134 2670 ἐξ·

128 2692 291 2781 ενέγκητ’,
323 2692 349 2761 ὦ
377 2697 496 2781 ἄνδρες
514 2693 704 2780 Ἀθηναῖοι,
732 2697 776 2774 ὡς
798 2694 850 2781 ἄρ’
873 2697 981 2780 ὑμεῖς,
1009 2697 1050 2762 δν
1073 2693 1133 2782 μὲν

128 2813 195 2868 τῶν
222 2803 363 2886 μετρίων
389 2802 463 2866 τινά
490 2799 544 2865 καὶ
568 2803 755 2884 δημοτικῶν
779 2799 902 2886 λάβηθ’
927 2802 1040 2868 ὁτιοῦν
1063 2802 1134 2868 ἀδι-

128 2919 262 2990 κοῦντα,
285 2904 355 2971 οὔτ’
377 2901 520 2991 ἐλεήσετ’
542 2903 611 2972 οὔτ’
634 2905 785 2992 ἀφήσετ’,
803 2904 875 2972 ἀλλ’
897 2905 1095 2972 ἀποκτενεῖτ’
1114 2908 1134 2992 ή

129 3013 316 3097 άτιμώσετε,
340 3011 381 3078 διν
405 3010 441 3078 δὲ
464 3013 622 3090 πλούσιος
645 3015 691 3078 ὥν
715 3037 763 3090 τις
783 3013 910 3099 ὑβρίζη,
934 3016 1134 3100 συγγνώμην

129 3121 224 3199 ἕξετε.
268 3121 312 3203 μή
345 3115 435 3202 δῆτ’·
474 3119 514 3184 ού
544 3120 607 3203 γὰρ
638 3122 781 3184 δίκαιον·
818 3117 888 3184 ἀλλ’
919 3118 972 3184 ἐπὶ
1001 3121 1133 3186 πάντων

129 3228 249 3312 ὁμοίως
272 3225 476 3310 ὀργιζόμενοι
498 3229 669 3310 φαίνεσθε.
896 3219 898 3226 ’
