3118 3962
313 203 358 266 54
587 207 632 254 n
655 203 743 256 Διαω
761 205 1044 257 Χετεοενοαοε.

313 366 420 448 χώρας
443 363 654 448 ἐργαζόμενοι
677 361 732 428 καί
754 363 1057 446 κατασκευάζοντες,
1079 363 1162 428 ἀλλὰ
1180 364 1318 430 τούναν-

314 474 386 535 τίον
409 469 545 534 ἐπαίνου
569 471 703 544 δικαίως
726 467 768 532 άν
790 469 1001 553 τυγχάνοιεν·
1033 467 1087 534 καὶ
1110 471 1164 534 δεῖ
1185 471 1229 554 μή
1253 481 1320 544 τοῖς

315 575 528 658 οἰκοδομοῦσι
551 573 606 638 καί
629 575 810 659 φυτεύουσι
833 574 894 657 τήν
913 577 1076 658 δημοσίαν
1093 583 1156 658 γῆν
1175 580 1321 660 χαλεπῶς

279 685 294 746 θ’
315 684 412 766 ἔχειν,
421 679 505 744 άλλδι
519 691 587 756 τοῖς
596 683 889 764 καταφθείρουσιν.
909 678 1002 744 “ἐπεί
1012 678 1066 745 καὶ
1076 679 1261 766 νῦν”,ἐφη,
1272 676 1321 744 “ὧ

314 788 443 869 άνδρες,
467 788 585 871 σχεδόν
610 809 640 850 τι
659 787 699 875 τὰ
718 787 778 852 δύο
797 784 879 871 μέρη
899 795 957 869 τής
974 788 1081 871 χώρας
1103 785 1196 871 ήμῶν
1217 788 1322 872 ἔρημά

314 889 383 956 ἐστι
404 887 448 954 δι’
467 889 621 975 ἀμέλειάν
641 915 675 956 τε
694 889 749 956 καί
768 892 1048 975 ὀλιγανθρωπίαν.
1083 893 1206 959 οὐκοῦν
1227 894 1323 972 άξιον

313 997 484 1080 θαυμάσαι
506 1008 573 1062 τῶν
597 997 758 1082 ῥητόρων,
781 997 832 1062 ὅτι
854 1000 932 1074 τοὺς
954 994 1015 1081 μὲν
1039 995 1092 1063 ἐπὶ
1109 1007 1155 1086 τῷ
1171 1001 1327 1084 Καφηρεῖ

314 1107 553 1187 φιλεργοῦντας
581 1101 617 1167 ἐν
644 1113 713 1179 τοῖς
741 1102 888 1188 ἐσχάτοις
910 1113 966 1187 τής
989 1105 1134 1188 Εὐβοίας
1156 1123 1324 1189 συκοφαν-

315 1219 425 1291 τοῦσι,
455 1211 533 1284 τοὺς
565 1204 602 1273 δὲ
633 1211 670 1273 τὸ
703 1209 888 1292 γυμνάσιον
920 1219 1149 1294 γεωργοῦντας
1177 1207 1232 1274 καί
1261 1211 1324 1292 τήν

316 1313 441 1398 ἀγοράν
479 1313 721 1396 κατανέμοντας
757 1310 856 1379 οὐδὲν
894 1321 1019 1380 οἰονται
1055 1327 1163 1380 ποιεῖν
1200 1317 1324 1380 δεινόν.

315 1419 449 1505 βλέπετε
477 1421 540 1502 γάρ
569 1417 663 1484 αύτοί
687 1421 874 1502 δήπουθεν,
902 1420 952 1484 ὅτι
974 1423 1011 1486 τὸ
1034 1421 1218 1505 γυμνάσιον
1241 1420 1325 1503 ὑμῖν

316 1528 463 1611 άρουραν
490 1527 723 1610 πεποιήκασιν,
751 1527 832 1590 ὥστε
860 1527 918 1590 τὸν
938 1523 1099 1608 Ἡρακλέα
1125 1523 1178 1590 καί
1201 1527 1326 1602 ἄλλους

317 1631 514 1714 ἀνδριάντας
546 1634 689 1717 συχνοὺς
720 1631 784 1696 ὑπὸ
817 1639 877 1696 τοῦ
908 1629 1032 1713 θέρους
1061 1630 1325 1716 ἀποκεκρύφθαι,

316 1740 394 1814 τοὺς
415 1733 476 1821 μὲν
499 1737 634 1823 ήρώων,
657 1740 735 1814 τοὺς
757 1733 794 1801 δὲ
817 1743 923 1819 θεῶν,
946 1735 1001 1801 καὶ
1025 1737 1075 1800 ὅτι
1098 1734 1173 1801 καθ’
1197 1735 1325 1821 ἡμέραν

318 1845 358 1909 τὰ
381 1854 440 1909 τοῦ
465 1844 603 1928 ῥήτορος
624 1845 743 1909 τούτου
762 1845 910 1928 πρόβατα
929 1841 1036 1907 ἕωθεν
1054 1843 1102 1919 εἰς
1119 1844 1179 1926 τήν
1197 1841 1326 1927 ἀγοράν

318 1950 471 2034 ἐμβάλλει
494 1947 549 2013 καὶ
572 1947 784 2032 κατανέμεται
806 1950 846 2014 τά
864 1946 940 2030 περὶ
957 1949 994 2014 τὸ
1013 1952 1250 2034 βουλευτήριον
1267 1946 1326 2012 καὶ

317 2057 357 2121 τδι
387 2055 514 2140 ἀρχεῖα·
548 2054 629 2118 ὥστε
659 2055 737 2130 τοὺς
763 2064 894 2138 πρῶτον
922 2053 1183 2138 ἐπιδημήσαντας
1209 2053 1327 2132 ξένους

317 2165 396 2239 τοὺς
425 2158 485 2246 μὲν
514 2163 697 2242 καταγελᾶν
724 2169 783 2242 τῆς
813 2162 954 2240 πόλεως,
983 2161 1060 2235 τοὺς
1094 2153 1131 2222 δέ
1167 2158 1328 2240 οἰκτίρειν

269 2287 300 2334 10
319 2265 455 2350 αὐτήν.”
489 2266 588 2330 πάλιν
612 2258 674 2330 οὖν
697 2273 798 2329 ταῦτα
821 2263 1020 2340 ἀκούσαντες
1043 2264 1219 2349 ὠργίζοντο
1241 2268 1327 2350 πρὸς

319 2373 446 2438 ἐκεῖνον
469 2370 524 2437 καί
547 2371 744 2456 ἐθορύβουν.
787 2369 865 2434 “καί
887 2380 1021 2436 τοιαῦτα
1043 2381 1148 2436 ποιῶν
1170 2373 1247 2446 τοὺς
1268 2394 1327 2434 τα-

320 2480 505 2564 λαιπώρους
525 2478 655 2552 ἰδιώτας
675 2483 777 2543 οἰεται
797 2478 869 2540 δεῖν
887 2475 1080 2560 ἀπαγαγεῖν,
1098 2478 1153 2541 ἵνα
1169 2477 1327 2560 δηλονότι

245 2637 249 2644 .
319 2582 433 2670 μηδείς
457 2583 627 2668 ἐργάζηται
649 2585 686 2647 τὸ
710 2585 845 2666 λοιπόν,
872 2581 942 2646 ἀλλ’
968 2583 1003 2648 οἰ
1023 2578 1082 2666 μὲν
1106 2580 1166 2659 ἔξω
1190 2584 1327 2669 ληστεύ-

321 2709 414 2774 ωσιν,
438 2691 473 2756 οἰ
493 2686 523 2754 δ’
547 2688 584 2754 ἐν
606 2697 644 2774 τῇ
663 2691 757 2754 πόλει
777 2691 1021 2754 λωποδυτῶσιν.
1059 2685 1131 2771 ἐμοὶ
1150 2687 1226 2772 δέ”,
1249 2691 1328 2773 ἐφη,

320 2799 438 2863 (δοκεῖ
457 2797 595 2871 τούτους
617 2793 676 2859 ἐᾶν
700 2793 750 2879 ἐφ’
775 2787 825 2871 οἷς
848 2795 942 2859 αὐτοὶ
959 2795 1187 2876 πεποιήκασιν,
1209 2793 1328 2858 ὑποτε-

320 2910 459 2979 λοῦντας
480 2904 518 2967 τὸ
542 2902 658 2966 λοιπὸν
682 2899 762 2965 ὅσον
786 2899 935 2984 μέτριον,
957 2897 1032 2984 περὶ
1056 2895 1093 2964 δέ
1116 2909 1182 2964 τῶν
1205 2901 1328 2982 ἔμπρο-

320 3017 404 3076 σθεν
421 3009 596 3094 προσόδων
615 3017 805 3090 συγγνῶναι
823 3006 945 3091 αὐτοῖς,
964 3004 1022 3070 ἐὰν
1037 3001 1075 3071 δδ
1089 3006 1186 3091 τιμήν
1200 3004 1328 3070 θέλωσι

320 3119 516 3199 καταβαλεῖν
542 3123 602 3178 τοῦ
630 3115 769 3198 χωρίον,
801 3112 988 3178 ἀποδόσθαι
1016 3111 1128 3188 αὐτοῖς
1155 3110 1328 3188 ἐλάττονος

270 3223 342 3308 ιιή
374 3218 518 3298 άλλοις.”
569 3221 719 3296 εἰπόντος
751 3215 788 3284 δὲ
818 3219 921 3284 αὐτοῦ
950 3227 1084 3284 τοιαῦτα
1115 3217 1216 3283 πάλιν
1244 3217 1263 3284 ὁ
1292 3217 1327 3296 ἐξ

321 3329 421 3414 ἀρχῆς
450 3326 576 3402 ἐκεῖνος
604 3321 773 3408 ἀντέλεγε,
801 3322 856 3390 καί
886 3324 1119 3409 ἐλοιδοροῦντο
1150 3322 1202 3389 ἐπὶ
1231 3325 1326 3389 πολύ.

321 3433 414 3510 τέλος
436 3428 473 3496 δέ
496 3428 551 3496 καί
573 3427 627 3515 ἐμὲ
647 3430 798 3496 ἐκέλευον
817 3433 921 3494 εἰπεῖν
943 3430 960 3494 ὅ
979 3454 1010 3494 τι
1029 3431 1200 3514 βούλομαι.
1238 3427 1328 3496 “Kal

322 3542 357 3603 ’τί
373 3536 448 3621 με”,
471 3539 566 3620 ἔφην,
585 3536 663 3600 “osc
679 3533 787 3618 λέγειν
795 3535 826 3614 ;”
858 3535 974 3617 “Πρὸς
992 3536 1031 3600 τά
1051 3535 1240 3620 εἰρημένα”,
1259 3532 1331 3601 εἰπέ
