3118 3962
576 280 606 331 X.
626 279 811 332 Ammon.
1158 277 1199 339 47

193 437 275 503 κατὰ
297 447 411 523 ψῦχος.
448 447 511 516 πᾶς
534 435 571 504 δὲ
594 439 612 504 δ
636 442 802 523 περίοικος
826 440 907 516 λεὼς
930 442 1085 504 συνίασιν
1106 439 1202 504 ἄλλοι
1222 453 1236 502 '1

194 546 258 607 σὺν
287 545 399 620 ἄλλοις
427 543 482 609 καὶ
512 546 637 610 θύουσι
662 542 717 609 καὶ
743 548 922 621 συνουσίας
948 555 1121 610 ποιοῦνται
1148 541 1202 609 καλ

195 652 426 732 συμπίνουσιν.
472 651 527 715 άτε
560 646 622 716 οὖν
653 657 786 716 πολλῶν
820 653 928 716 ὄντων
955 660 1021 716 τῶν
1047 653 1203 715 θυόντων

194 752 250 819 καλ
272 765 338 819 τῶν
361 759 608 838 καθαγιζόντων
632 767 793 841 συνεχῶς,
822 757 955 832 εἰκότως
977 753 1031 820 καὶ
1054 766 1123 831 τοϊς
1145 757 1202 837 βα·
1274 789 1277 796 v

195 863 322 938 δίζουσι
359 859 413 926 καλ
445 873 514 938 τοῖς
546 861 705 928 πλέουσιν
737 859 836 946 ὀσμαὶ
869 871 1203 946 συμπαρομαρτοῦσιν

194 967 335 1050 ἥδισται.
372 967 476 1044 ούτως
498 969 562 1052 ἄρα
580 968 600 1052 ἡ
620 969 696 1052 τιμη
715 968 735 1052 η
756 969 892 1053 διαρκὴς
909 967 930 1050 ἡ
949 965 1023 1052 περὶ
1042 969 1079 1032 τὸ
1097 977 1202 1052 κρεῖτ-

194 1097 253 1137 τον
277 1071 392 1138 ἔνθεοί
412 1075 471 1138 τὸν
494 1077 605 1139 τόπον.

258 1175 423 1244 Ἐνταῦθά
445 1181 500 1243 τοί
515 1197 596 1263 φασι
614 1179 729 1255 παῖδες
750 1181 922 1244 Θετταλῶν
940 1175 996 1243 καὶ
1014 1179 1073 1242 τὸν
1088 1173 1203 1242 Ἀπόλ-
1222 1193 1237 1241 8

196 1289 285 1350 λωνα
315 1286 373 1349 τὸν
402 1285 538 1349 Πύθιον
567 1287 781 1369 καθήρασθαι
810 1284 892 1351 κατὰ
921 1286 1114 1368 πρόσταγμα
1143 1293 1203 1348 τοῦ

196 1392 295 1473 Διός,
327 1390 380 1455 ότε
412 1392 471 1455 τὸν
501 1391 654 1455 Πύθωνα
686 1393 744 1456 τὸν
777 1390 941 1476 δράκοντα
973 1387 1204 1467 κατετόξευσεν

195 1495 402 1578 φυλάττοντα
429 1497 507 1572 τοὺς
533 1496 704 1580 Δελφούς,
736 1504 793 1579 τῆς
821 1498 887 1580 Γῆς
917 1497 965 1560 ἔτι
998 1495 1135 1580 ἐχούσης
1166 1496 1203 1559 τὸ

196 1613 359 1686 μαντεῖον.
397 1603 693 1686 στεφανωσάμενον
716 1597 778 1667 οὖν
801 1601 838 1666 ἐκ
860 1603 979 1686 ταύτης
1001 1610 1058 1685 τῆς
1077 1601 1205 1685 δάφνης

196 1717 253 1792 της
275 1711 437 1791 Τεμπικῆς
459 1705 513 1772 καλ
537 1710 681 1791 λαβόντα
703 1708 828 1774 κλάδον
852 1707 885 1785 ές
902 1709 963 1792 τὴν
982 1705 1093 1785 δεξιάν
1112 1717 1204 1790 χεῖρα

197 1811 234 1878 ἐκ
260 1821 317 1897 τῆς
343 1812 443 1896 αὐτῆς
471 1813 599 1898 δάφνης
626 1811 740 1878 ἐλθεῖν
768 1815 815 1890 είς
837 1816 993 1898 Δελφοὺς
1020 1810 1074 1877 καί
1102 1833 1204 1896 παρα-

197 1922 311 2002 λαβεῖν
334 1919 371 1983 τὸ
394 1929 549 2002 μαντεῖον
572 1921 631 1984 τὸν
651 1921 735 1996 Διὸς
756 1917 811 1985 καὶ
830 1923 960 2004 Λητοῦς
982 1919 1094 1983 παῖδα.
1135 1919 1238 1982 ἐστιν

198 2021 235 2089 δέ
257 2021 311 2088 καὶ
334 2026 444 2108 βωμὸς
466 2023 502 2089 έν
525 2024 613 2112 αύτρ)
637 2035 682 2112 τῷ
707 2028 806 2114 τόπφ,
833 2024 870 2090 έν
893 2019 918 2112 ᾧ
943 2023 997 2090 καλ
1020 2023 1204 2108 ἐστεφανώ-

198 2148 277 2195 σατο
301 2126 433 2194 καὶτὸν
450 2131 574 2196 κλάδον
593 2129 717 2214 ἀφεῖλε.
753 2129 807 2196 καὶ
827 2133 874 2196 ἐτι
892 2128 947 2196 καὶ
965 2141 1029 2196 νῦν
1048 2127 1093 2194 δι’
1112 2132 1205 2206 ἔτους

198 2234 316 2300 ἐνάτου
340 2235 375 2300 ολ
390 2233 519 2319 Δελφοὶ
542 2237 661 2312 παῖδας
684 2234 829 2319 εύγενείς
850 2233 1014 2325 πέμπουσι
1036 2233 1091 2300 καὶ
1114 2235 1204 2321 ἀρχι-

197 2339 329 2423 θέωρον
359 2339 417 2405 ἕνα
447 2352 541 2425 σφῶν
570 2342 688 2406 αὐτῶν.
734 2342 770 2406 οί
797 2337 833 2406 δὲ
861 2344 1121 2426 παραγενόμενοι
1149 2339 1203 2408 καλ

198 2452 451 2530 μεγαλοπρεπῶς
468 2448 631 2522 θύσαντες
650 2446 773 2524 ἐντοῖς
792 2445 954 2532 Τέμπεσιν
973 2447 1087 2512 ἀπίασι
1104 2447 1204 2512 πάλιν

199 2552 382 2636 στεφάνους
411 2550 474 2616 άπὸ
504 2561 561 2636 τῆς
587 2553 686 2636 αὐτῆς
714 2553 842 2637 δάφνης
869 2551 1113 2634 διαπλέξαντες,
1144 2549 1200 2637 ἀφ’

199 2653 302 2742 ἧσπερ
332 2651 394 2722 οὖν
424 2655 478 2722 καλ
505 2661 578 2723 τότε
605 2658 624 2724 ὁ
650 2660 731 2734 θεὸς
758 2657 1016 2743 ἐστεφανώσατο.
1060 2656 1116 2724 καὶ
1143 2659 1204 2742 την
1225 2674 1257 2720 10

200 2765 281 2835 ὁδὸν
305 2761 433 2846 ἐκείνην
457 2765 622 2848 ἔρχονται,
648 2763 669 2847 ἣ
692 2769 837 2829 καλεῖται
860 2760 921 2848 μὲν
944 2764 1090 2848 Πυθιάς,
1112 2762 1205 2848 φέρει

200 2865 237 2933 δέ
260 2869 315 2934 διὰ
335 2871 512 2944 Θετταλίας
533 2867 588 2934 καὶ
607 2873 794 2952 Πελασγίας
811 2867 866 2934 καλ
884 2879 941 2952 τῆς
960 2873 1060 2954 Οίτης
1077 2867 1131 2934 καλ
1150 2878 1206 2954 τῆς

202 2975 370 3040 Αἰνιάνων
398 2975 505 3060 χώρας
531 2973 586 3039 καὶ
614 2983 672 3057 τῆς
698 2973 858 3058 Μηλιέων
886 2973 940 3038 καλ
964 2975 1124 3057 Δωριέων
1150 2973 1205 3040 καί

204 3084 341 3166 Λοκρῶν
363 3091 430 3145 τῶν
447 3077 636 3163 Ἑσπερίων.
679 3075 772 3145 οὗτοι
795 3077 832 3145 δέ
854 3078 909 3145 καὶ
931 3079 1205 3164 παραπέμπουσιν

199 3185 320 3261 αύτούς
333 3188 396 3250 σὺν
412 3187 503 3250 αίδοί
514 3183 568 3250 καὶ
582 3194 659 3271 τιμῇ
674 3181 774 3251 οὐδὲν
788 3180 887 3269 ἧττον
900 3188 983 3272 ἥπερ
997 3181 1060 3251 οὖν
1074 3185 1206 3268 ἐκείνοι,

199 3295 235 3356 οἳ
259 3293 337 3368 τοὺς
365 3290 396 3367 ἐξ
415 3288 643 3376 ’Πιερβορέων
670 3292 710 3356 τὰ
738 3292 809 3372 ίερά
837 3295 1027 3375 κομίζοντας
1048 3299 1093 3378 τῷ
1116 3290 1204 3378 αύτῷ

199 3404 268 3484 θεῷ
291 3397 396 3484 τούτῳ
419 3407 545 3480 τιμῶσι.
581 3394 636 3461 καλ
659 3398 725 3480 μὴν
748 3395 803 3461 καλ
826 3409 894 3472 τοῖς
908 3401 1053 3472 Πυθίοις
1075 3395 1111 3460 ἐκ
1128 3397 1205 3461 ταύ-

198 3526 256 3587 της
278 3512 334 3587 της
357 3501 485 3586 δάφνης
507 3505 585 3577 τοὺς
608 3502 790 3586 στεφάνους
813 3513 881 3578 τοῖς
903 3512 1019 3567 νικῶσι
1043 3503 1205 3566 διδόασιν.
