3118 3962
509 223 557 274 XI.
577 222 665 274 ΔΙΩΝ
683 223 964 277 ΧΡΤΣΟΣΤΟΜΟΣ.
1196 221 1238 286 57

231 381 322 468 λόγῳ
351 381 463 464 χάριν,
492 384 578 470 ἐργφ
605 383 645 447 τά
673 381 808 466 μέγιστα
836 378 875 449 εὖ
902 385 1031 449 παθών.
1076 381 1143 466 είμὶ
1166 381 1242 466 δέ”,

231 489 310 568 ἔφη,
329 485 497 570 “πολίτης,
515 489 560 564 ὡς
579 494 658 571 ίστε,
677 486 731 553 καὶ
748 489 841 573 ὅδε”,
860 491 967 568 δειῖας
979 492 1038 555 τὸν
1051 491 1242 573 παρακαθή-

232 614 350 674 μενον,
373 590 427 656 καὶ
451 592 487 669 ὃς
510 592 683 677 ἐπανέστη·
708 593 890 680 “ἐτάχομεν
913 591 950 660 δέ
972 594 1127 671 πλέοντες
1149 594 1186 659 ἐν
1204 603 1242 678 τῇ

233 695 411 774 Σωκλέους
432 696 488 782 νηὶ
509 703 621 782 τρίτον
640 702 720 776 ἔτος.
756 698 811 765 καὶ
830 701 1070 785 διαφθαρείσης
1087 709 1143 784 τῆς
1160 701 1243 776 νεὼς

137 859 138 862 ,
231 801 309 886 περὶ
341 807 399 869 τὸν
430 803 590 889 Καφηρέα
621 811 788 882 παντελῶς
818 806 925 890 ὀλίγοι
954 803 1041 884 τινές
1070 806 1242 890 ἐσώθημεν

232 907 299 974 ἀπὸ
317 914 460 976 πολλῶν.
497 914 574 988 τοὺς
592 907 652 995 μέν
671 907 734 978 οὖν
751 924 933 998 πορφυρεῖς
951 910 1128 997 ἀνέλαβον·
1151 908 1242 997 εἶχον
1262 926 1294 974 17

136 1044 139 1054 ’
232 1016 297 1100 γάρ
329 1015 438 1080 αὐτῶν
464 1037 551 1093 τινες
577 1015 739 1102 ἀργύριον
767 1016 804 1082 ἐν
831 1022 1040 1103 φασκωλίοις.
1085 1017 1178 1102 ἡμεῖς
1205 1011 1241 1081 δέ

136 1151 138 1162 ·
233 1118 357 1204 γυμνοὶ
386 1126 553 1198 παντελῶς
582 1122 773 1200 ἐκπεσόντες
803 1122 847 1188 δι’
876 1122 1025 1208 ἀτραποῦ
1052 1147 1142 1200 τινος
1169 1122 1243 1206 ἐβα-

234 1229 384 1309 δίζομεν,
408 1226 590 1306 ἐλπίζοντες
613 1229 766 1312 εὑρήσειν
790 1228 913 1313 σκέπην
936 1230 1009 1294 τινά
1032 1228 1200 1313 ποιμένων
1222 1227 1243 1311 ἢ

233 1336 426 1417 βουκόλων,
462 1335 714 1412 κινδυνεύοντες
744 1335 810 1400 ὑπὸ
843 1340 942 1420 λιμοῦ
973 1357 1007 1400 τε
1039 1333 1093 1399 καὶ
1125 1337 1243 1412 δίψους

235 1442 473 1524 διαφθαρῆναι.
526 1439 581 1505 καὶ
617 1445 712 1525 μόλις
746 1437 825 1507 ποτε
856 1442 1005 1525 ἤλθομεν
1038 1438 1091 1505 ἐπὶ
1123 1440 1244 1527 σκηνάς

234 1569 327 1621 τινας
345 1543 400 1610 καὶ
418 1545 552 1623 στάντες
570 1545 725 1630 ἐβοῶμεν.
753 1548 930 1632 προελθὼν
950 1542 986 1612 δέ
1006 1542 1102 1623 οὗτος
1120 1545 1245 1628 είσάγει

136 1687 137 1692 1
234 1674 269 1716 τε
292 1651 377 1735 ἡμᾶς
401 1654 500 1717 ἔνδον
523 1649 578 1716 καὶ
601 1651 717 1718 ἀνέκαε
740 1663 807 1737 πῦρ
830 1651 891 1737 οὐχ
909 1651 1046 1735 ἀθρόον,
1068 1649 1152 1716 ἀλλὰ
1170 1646 1240 1714 κατ’

235 1757 364 1839 ὀλίγον·
396 1755 451 1821 καί
478 1758 536 1823 τὸν
563 1753 625 1840 μέν
652 1758 745 1842 ἡμῶν
773 1757 871 1836 αὐτὸς
894 1757 1055 1841 ἀνέτριβε,
1083 1759 1141 1822 τὸν
1164 1752 1243 1838 δέἡ

136 1897 137 1900 =
235 1864 322 1946 γυνὴ
346 1861 466 1928 στέατι·
491 1863 531 1928 οὐ
554 1864 617 1948 γὰρ
640 1859 683 1946 ἦν
706 1863 819 1941 αὐτοῖς
837 1866 962 1929 ἐλαιον·
985 1861 1078 1940 τέλος
1096 1858 1133 1928 δέ
1151 1863 1242 1948 ὕδωρ
1264 1879 1296 1928 18

235 1967 389 2052 κατέχεον
412 1971 552 2052 θερμόν,
575 1967 636 2045 ἕως
658 1965 821 2052 ἀνέλαβον
840 1967 1097 2052 ἀπεψυγμένους.
1134 1970 1244 2032 ἐπειτα

235 2078 489 2150 κατακλίναντες
517 2072 571 2138 καὶ
598 2078 831 2159 περιβαλόντες
857 2067 907 2152 οἷς
934 2071 1024 2160 εἶχον
1051 2073 1244 2158 παρέθηκαν

235 2189 357 2265 φαγεῖν
375 2179 455 2263 ἡμῖν
473 2180 595 2261 ἄρτους
612 2184 785 2264 πυρίνους,
806 2178 901 2246 αὐτοὶ
920 2177 957 2245 δὲ
975 2178 1114 2266 κέγχρον
1133 2179 1244 2266 ἑφθὴν

235 2289 374 2370 ἤσθιον·
403 2287 532 2351 ἔδωκαν
555 2281 592 2350 δέ
615 2284 669 2351 καὶ
693 2281 787 2351 οἶνον
810 2287 891 2370 ἡμῖν
912 2298 1012 2370 πιεῖν,
1034 2287 1126 2371 ὕδωρ
1149 2285 1244 2353 αὐτοὶ

236 2396 405 2475 πίνοντες,
432 2389 486 2456 καὶ
513 2389 592 2476 κρέα
620 2391 756 2477 ἐλάφεια
782 2392 945 2470 ὀπτῶντες
967 2394 1118 2477 ἄφθονα,
1145 2393 1185 2456 τδι
1208 2389 1245 2457 δὲ

236 2498 384 2576 ἕψοντες·
407 2507 446 2583 τῇ
466 2495 496 2563 δ’
519 2498 676 2585 ὑστεραίᾳ
694 2497 919 2583 βουλομένους
937 2497 1068 2562 ἀπιέναι
1086 2495 1245 2582 κατέσχον

237 2602 292 2670 ἐπὶ
319 2614 406 2686 τρεῖς
432 2601 562 2689 ἡμέρας.
609 2607 718 2669 ἔπειτα
745 2605 966 2688 προῦπεμψαν
988 2604 1035 2679 είς
1057 2604 1094 2668 τὸ
1117 2605 1245 2686 πεδίον,

237 2711 292 2774 καὶ
322 2707 456 2775 ἀπιοῦσι
486 2707 583 2794 κρέας
612 2711 740 2774 ἔδωκαν
770 2707 825 2774 καὶ
856 2707 959 2793 δέρμα
990 2705 1129 2796 ἑκατέρῳ
1156 2709 1245 2773 πάνυ

237 2817 349 2880 καλόν.
391 2811 447 2898 έμέ
471 2811 508 2880 δέ
530 2816 619 2900 δρῶν
642 2814 677 2880 ἐκ
699 2825 756 2899 τῆς
778 2818 1000 2891 κακοπαθείας
1023 2816 1070 2879 ἔτι
1092 2824 1245 2897 πονηρῶς

238 2925 356 3006 ἔχοντα
386 2919 519 2986 ἐνέδυσε
550 2923 721 3007 χιτώνιον,
749 2929 806 3004 τῆς
832 2922 1000 3005 θυγατρὸς
1027 2919 1244 3004 ἀφελόμενος·

239 3027 345 3110 ἐκείνη
375 3022 412 3090 δὲ
439 3028 520 3092 άλλο
543 3051 574 3091 τι
599 3027 699 3112 ῥάκος
720 3027 946 3110 περιεζώσατο.
991 3034 1105 3108 τοῦτο,
1132 3025 1244 3110 ἐπειδὴ

239 3134 276 3199 ἐν
298 3141 337 3218 τῇ
361 3133 453 3218 κόμη
477 3131 650 3216 ἐγενόμην,
672 3129 832 3196 ἀπέδωκα.
879 3131 983 3207 οὕτως
1005 3129 1098 3214 ἡμεῖς
1119 3153 1156 3214 γε
1179 3130 1244 3197 ὑπὸ

238 3241 358 3305 τοάτου
388 3239 528 3322 μάλιστα
559 3237 733 3322 ἐσώθημεν
762 3237 842 3320 μετὰ
864 3239 942 3314 τοὺς
963 3235 1098 3314 mode?
1143 3245 1245 3302 ταῦτα
1265 3254 1297 3303 19

240 3341 276 3410 δέ
309 3345 437 3410 ἐκείνου
466 3342 619 3427 λέγοντος
647 3343 665 3409 ὁ
694 3338 755 3427 μὲν
783 3343 886 3426 δῆμος
912 3343 1033 3426 ἤκουεν
1059 3339 1164 3425 ἡδέως
1190 3341 1245 3407 καὶ

239 3449 384 3538 ἐπῄνουν
399 3474 450 3535 με,
469 3448 533 3533 ἐγὼ
548 3445 585 3514 δέ
599 3448 836 3533 ἀναμνησθείς·
860 3446 1023 3534 “Χαίρε”,
1037 3449 1133 3531 ἐφην,
1147 3447 1245 3512 εἝω-

239 3556 363 3642 τάδη·”
387 3554 441 3622 καὶ
464 3557 663 3640 προσελθὼν
686 3554 825 3638 ἐφίλουν
849 3553 950 3618 αὐτὸν
973 3551 1027 3618 καὶ
1046 3555 1104 3618 τὸν
1122 3551 1244 3637 ἕτερον.
