3118 3962
289 283 331 346 ης
654 279 919 334 EPIGRAMMATA.

287 447 465 507 πείθεσθαι
492 443 630 525 ἤθελεν,
659 437 730 508 ἀλλ’
757 441 937 524 ὑδροφόρει
964 437 1030 518 ἀεί,
1058 440 1133 524 ἀχρι
1156 437 1197 520 δη
1221 435 1289 501 ἐνέ-

253 552 411 632 6πλησεν
440 547 519 631 ἡμίν
548 548 669 622 ὓδατος
697 547 757 629 την
785 548 892 612 οίκίαν
920 545 1111 610 ἐπαντλοῦν.
1161 541 1224 625 ἐγὼ
1252 539 1289 606 δὲ

288 653 465 738 ἀμηχανῶν
491 663 536 741 τῷ
563 654 728 736 πράγματι
754 689 791 698 ——
822 650 965 716 ἐδεδίειν
984 655 1058 734 γάρ,
1079 651 1122 734 μη
1151 649 1169 714 ὁ
1197 653 1289 731 Παγ-

287 759 406 842 κράτης
433 757 626 824 ἐπανελθὼν
654 759 877 842 ἀγανακτηση,
907 755 986 839 ὅπερ
1013 755 1066 822 καλ
1095 755 1222 839 ἐγένετο
1252 793 1284 802 -

288 863 403 948 ἀξίνην
430 867 542 948 λαβὼν
571 867 734 930 διακόπτω
761 867 798 929 τὸ
825 864 949 948 ὕπερον
971 865 1018 938 είς
1041 865 1102 928 δύο
1125 861 1219 946 μέρη·
1249 863 1288 926 τδι

288 968 340 1054 δέ,
368 969 521 1056 ἑκάτερον
549 972 586 1036 τὸ
614 968 727 1054 μέρος,
755 968 921 1053 ἀμφορέας
943 973 1085 1053 λαβόντα
1108 969 1288 1052 ὑδροφόρει

287 1074 341 1142 καὶ
364 1074 442 1141 ἀνθ’
466 1073 539 1152 ἑνὸς
561 1077 623 1140 δύο
646 1098 702 1158 μοι
725 1073 877 1156 ἐγένοντο
899 1075 1091 1161 ὑδροφόροι.
1128 1073 1287 1162 ἐντούτῳ

287 1179 342 1245 καὶ
369 1181 387 1246 δ
410 1182 606 1264 Παγκράτης
633 1179 801 1264 ἐφίσταται
828 1177 882 1244 καὶ
911 1178 1020 1256 συνεὶς
1046 1182 1083 1246 τὸ
1109 1182 1288 1262 γενόμενον
1385 1200 1390 1211 ·

288 1285 396 1350 ἐκεῖνα
426 1283 486 1370 μὲν
516 1283 615 1362 αὖθις
644 1285 775 1369 ἐποίησε
805 1283 901 1367 ξύλα,
933 1286 1041 1368 ὥσπερ
1070 1280 1113 1368 ἦν
1142 1288 1205 1370 πρὸ
1233 1295 1289 1368 της
1393 1335 1394 1340 1
1456 1283 1457 1286 '

288 1393 430 1479 ἐπφδης,
458 1393 555 1468 αὐτὸς
583 1389 619 1456 δὲ
647 1391 818 1458 ἀπολιπών
844 1414 883 1474 με
906 1391 1022 1456 λαθὼν
1045 1392 1105 1456 οὐκ
1128 1387 1192 1456 οἷδ’
1213 1391 1287 1456 ὅποι

287 1497 414 1582 ἀφανης
437 1496 538 1585 ᾤχετο
562 1497 688 1562 ἀπιών.’

440 1743 685 1829 Epigrammata
708 1765 747 1806 ex
770 1743 959 1830 anthologia
982 1744 1137 1810 Palaaina

289 1871 312 1919 1.
327 1862 359 1918 Ὁ
376 1868 459 1926 πλόος
478 1864 588 1931 ὡραῖος·
609 1863 727 1933 καλγάρ
745 1865 900 1932 λαλαγεῦσα
917 1865 1031 1932 χελιδὼν

349 1933 421 2002 ,ἤδη
440 1933 612 2006 μέμβλωκεν,
631 1935 671 2003 χώ
689 1936 794 2002 χαρίεις
813 1933 951 2004 Ζέφυρος·

290 2073 293 2076 ¹
331 2009 462 2074 λειμῶνος
474 2003 508 2062 ,δ’
525 2006 657 2072 ἀνθοῦσι,
677 2005 821 2072 σεσίγηκεν
840 2005 871 2059 δὲ
890 2007 1019 2060 θάλασσα

367 2076 470 2144 κόμαισι
489 2075 538 2128 καί
554 2083 654 2144 τρηχεῖ
667 2075 806 2144 πνιίιματι
824 2073 1005 2147 βρατοομένη,

328 2145 457 2216 Ἀγκύρας
476 2143 503 2200 δ’
519 2143 630 2200 ἀνέλοιο
649 2145 698 2199 καὶ
717 2141 845 2200 ἐκλόσαιο
863 2147 961 2216 γάαια,

367 2216 491 2284 ναντίλο,
510 2215 558 2270 καὶ
576 2218 677 2278 κλίναις
695 2225 790 2270 πᾶσαν
809 2213 886 2285 ἐφεὶς
905 2218 1021 2286 ὀθόνην.

335 2285 428 2342 Ταίιθ
446 2287 460 2340 δ
479 2289 606 2356 Πρίηπος
625 2283 695 2356 ἐγὼν
714 2283 889 2357 ἐπιτέλλομαι
908 2287 923 2342 ὃ
942 2287 1093 2358 λιμενίτας,

368 2356 513 2427 ὦνθρωφ’,
533 2358 569 2420 δις
586 2359 688 2420 κλάοις
701 2367 795 2412 πᾶσαν
810 2355 856 2412 ἐπ’
871 2354 1014 2430 ἐμπορίην.
1034 2361 1191 2428 (Leonidas,
1207 2363 1238 2416 X
1252 2365 1287 2431 1.)
1378 2415 1384 2433 ,

288 2453 313 2502 2.
332 2446 470 2508 Πολλάκις
488 2444 629 2516 οάξαμένφ
647 2465 695 2516 μοι
713 2444 758 2499 ἀεὶ
775 2449 901 2515 θνμηρες
919 2445 1025 2509 ἔδωκας

367 2516 471 2586 τέκμαρ
490 2516 663 2588 ἀκνμάντον,
685 2519 737 2569 Ζεῦ
756 2515 856 2585 πάτερ,
876 2518 1014 2584 εὐπλοΐης·

333 2589 408 2660 δῴης
426 2607 473 2657 μοι
490 2587 539 2640 καὶ
556 2596 655 2641 τοῦτον
674 2583 715 2640 ἐτι
733 2586 832 2653 πλόον,
851 2585 902 2655 ηδέ
922 2589 1042 2650 σαώσαις

367 2658 422 2727 ἤδη
440 2657 489 2712 καὶ
507 2656 638 2727 καμάτων
657 2655 770 2724 δρμισον
790 2655 829 2718 εἰς
847 2657 966 2726 λιμένας.

335 2726 419 2791 Οἶκος
437 2729 485 2782 καὶ
503 2727 593 2796 πάτρη
614 2725 708 2800 βιότον
727 2725 817 2796 χάρις·
837 2725 870 2781 αιρ
886 2727 916 2782 δὲ
936 2730 1064 2800 περισσαλ

368 2801 515 2868 φροντίδες
536 2799 699 2866 ἀνθρώποις
720 2797 752 2851 οὐ
772 2799 845 2869 βίος,
868 2797 937 2856 ἀλλὰ
957 2800 1050 2862 πόνος.

911 2870 976 2938 (Ιαί.
996 2872 1135 2942 Polym,
1151 2873 1200 2928 IX
1217 2877 1254 2940 9.)

289 2965 314 3014 3.
333 2962 483 3026 Γειαρότης
497 2955 655 3026 Ἄρχιππος,
674 2952 715 3011 ὅτ’
732 2951 763 3011 ἐτι
782 2957 895 3012 νοόσοιο
914 2959 1026 3030 βαρείης

368 3027 431 3098 ἀρτι
450 3025 627 3097 λιποψνχέοιν
646 3026 742 3094 ἔρρειν
761 3025 799 3091 τίς
817 3028 914 3098 ἀίδην,

333 3096 394 3154 εἷπε
412 3095 476 3152 τάδ’
492 3096 628 3164 νίήεασιν·
649 3094 704 3150 ’Ἰὼ
723 3099 791 3166 φίλα
810 3097 907 3166 τέκνα,
927 3098 1065 3168 μάκελλαν

367 3171 415 3223 καὶ
434 3169 482 3223 τόν
500 3169 648 3236 ἀροτρίτην
667 3166 795 3236 στέρξατέ
814 3189 860 3238 μοι
878 3170 987 3242 βίοτον·

333 3239 370 3310 μη
389 3244 527 3308 σφαλερης
545 3237 649 3292 αἰνεῑτε
666 3237 755 3294 πόνον
775 3238 923 3294 στονόεντα
942 3241 1086 3312 θαλάσσης

367 3311 415 3364 καλ
434 3311 523 3382 βαρὺν
542 3311 645 3378 ἀτηρης
663 3311 805 3379 ναυτιλίης
822 3309 956 3380 κάματον.

333 3381 414 3436 ὅσσον
434 3387 566 3472 μητρνιης
584 3378 772 3472 γλνκερωτέρη
793 3379 889 3436 ἐπλιτο
907 3380 1010 3450 μήτηρ,
1071 3455 1076 3465 ¹
1366 3451 1368 3460 ,

367 3450 465 3505 τόσσον
483 3451 549 3514 αλὸς
566 3456 664 3520 πολιῆς
682 3471 749 3521 γαια
768 3450 974 3522 ’novamviam'
995 3453 1162 3522 (Δαιιμοίιι,
1175 3453 1224 3506 IX
1232 3456 1289 3518 23.)
1377 3481 1388 3535 Ι·
