3118 3962
360 417 462 480 πότον
485 416 769 500 καταιτιασάμενοι
793 417 919 500 κλοπὴν
941 414 995 480 καὶ
1013 418 1172 502 ποτήριον
1190 416 1368 501 εὑρηκέναι
1425 396 1426 490 λ

360 525 639 604 προσποιηθέντες
667 521 714 598 είς
736 522 898 607 αἰσχύνην
920 519 975 586 καὶ
998 520 1133 599 ἀδοξίαν
1155 525 1283 606 ἤγαγον
1307 525 1369 588 τὸν

325 625 561 703 9Διώξιππον.
608 627 626 693 ὁ
655 623 691 691 δὲ
717 633 858 710 θεωρῶν
885 629 945 710 τὴν
973 623 1026 692 ἐπ’
1046 628 1149 693 αὐτὸν
1172 629 1368 712 συνδρομὴν
1426 658 1427 724 χ

360 742 426 796 τῶν
444 734 652 797 Μακεδόνων
675 737 746 798 τότε
769 730 830 818 μὲν
854 733 992 816 ἐξῆλθεν
1015 731 1051 798 ἐκ
1072 743 1132 799 τοῦ
1154 737 1269 817 πότου,
1292 732 1364 818 μετ’
1426 737 1427 768 ³

361 835 475 919 ὀλίγον
499 834 536 902 δὲ
560 837 611 903 ἐπὶ
633 840 695 923 τὴν
719 840 808 904 ίδίαν
829 840 1009 904 κατάλυσιν
1027 843 1293 924 παραγενόμενος
1310 839 1367 905 καὶ

360 942 488 1026 γράψας
505 947 587 1029 πρὸς
604 947 663 1010 τὸν
678 943 896 1026 Ἀλέξανδρον
915 945 1090 1030 ἐπιστολὴν
1107 944 1266 1030 περὶτῶν
1285 945 1366 1012 καθ’

360 1048 465 1114 αὑτοῦ
506 1051 785 1136 μεμηχανημένων
821 1052 945 1135 ταύτην
980 1047 1041 1136 μὲν
1077 1051 1257 1118 ἐνετείλατο
1296 1065 1368 1130 τοῖς
1427 1055 1428 1068 ²

361 1155 459 1231 ίδιόις
487 1155 603 1220 δοῦναι
631 1167 675 1243 τςδ
704 1161 848 1243 βασιλεῖ,
876 1158 978 1224 αὑτὸν
999 1155 1029 1223 δ’
1053 1158 1089 1224 ἐκ
1111 1169 1170 1224 τοῦ
1195 1161 1251 1241 ζῆν
1274 1159 1367 1242 μετέ-

361 1276 491 1342 στησεν,
514 1260 663 1345 ἀβούλως
686 1259 746 1346 μὲν
770 1265 816 1340 είς
839 1265 900 1347 τὴν
923 1267 1127 1347 μονομαχίαν
1150 1264 1368 1347 συγκαταβάς,

361 1367 447 1430 πολὺ
465 1363 494 1430 δ’
513 1366 760 1452 άφρονεστίραν
778 1370 838 1452 τὴν
856 1379 916 1434 τοῦ
934 1373 1010 1452 βίου
1029 1370 1257 1454 καταστροφὴν
1271 1389 1367 1452 ποιη-

313 1485 342 1531 ιο
361 1470 510 1554 σάμενος.
557 1475 609 1538 διὸ
632 1472 685 1538 καὶ
709 1471 826 1538 πολλοὶ
849 1485 916 1538 τῶν
938 1474 1239 1559 καταμεμφομένων
1262 1474 1368 1540 αὐτοῦ

360 1577 421 1660 την
444 1578 561 1642 άνοιαν
585 1578 832 1663 ἐπιπλήττοντες
856 1582 982 1663 ἔφασαν
1000 1581 1143 1664 χαλεπὸν
1161 1574 1246 1643 εἶναι
1265 1581 1368 1644 δάνα-
1429 1589 1430 1592 ’

361 1707 419 1766 μιν
443 1681 503 1766 μὲν
522 1687 671 1768 σώματος
690 1687 776 1769 ἔχειν
796 1684 953 1768 μεγάλην,
974 1693 1058 1750 νοῦν
1077 1680 1114 1747 δὲ
1132 1687 1258 1767 μικρόν.
1291 1685 1309 1750 ὁ
1330 1682 1368 1749 δὲ

360 1791 516 1871 βασιλεὺς
534 1788 700 1872 ἀναγνοὺς
717 1791 779 1873 τὴν
798 1789 972 1873 ἐπιστολὴν
991 1795 1139 1874 χαλεπῶς
1156 1791 1295 1872 ἤνεγκεν
1314 1789 1369 1854 ἐπὶ

361 1902 400 1978 τῇ
419 1892 560 1980 τάνδρὸς
578 1900 711 1981 τελευτῇ
731 1893 785 1959 καὶ
804 1896 960 1972 πολλάκις
979 1894 1148 1978 ἐπεζήτησε
1167 1895 1227 1978 τὴν
1246 1893 1370 1979 ἀρετὴν

362 1999 465 2064 αὐτοῦ
488 1998 542 2064 καὶ
564 2004 703 2083 παρόντι
722 1997 782 2084 μὲν
803 2002 843 2066 οὐ
862 2001 1076 2086 χρησάμενος,
1099 1999 1224 2064 άπόντα
1243 1996 1280 2064 δὲ
1300 2000 1368 2065 ἐπι-

361 2109 513 2189 ποθήσας
542 2106 594 2170 ὅτε
625 2103 726 2170 οὐδὲν
756 2108 890 2190 ὄφελος,
919 2109 1004 2188 ἔγνω
1033 2107 1094 2190 την
1120 2110 1371 2187 καλοκαγαθίαν
1431 2191 1432 2198 ¹

362 2212 502 2295 τάνδρὸς
524 2211 560 2276 ἐκ
583 2220 639 2294 τῆς
661 2223 727 2276 τῶν
751 2213 978 2294 διαβαλόντων
1001 2216 1122 2287 κακίας.

361 254 404 316 36
705 256 778 309 v111.
797 257 1023 310 amaremur.

579 2459 793 2541 AELIVS
822 2457 1153 2541 ARISTIDES

363 2611 436 2648 anno
454 2613 482 2664 p.
497 2593 552 2648 Chr
577 2601 626 2649 117
646 2595 807 2663 Hadrianis‚
827 2595 902 2664 quod
921 2597 982 2648 erat
995 2593 1103 2662 Mysiae
1122 2593 1264 2664 oppidum,
1283 2597 1373 2648 natus

364 2683 425 2718 oum
453 2665 649 2734 philosophiae
677 2668 707 2720 et
733 2665 890 2719 rhetoricae
919 2681 1033 2734 operam
1061 2664 1186 2718 dedisset
1216 2663 1373 2733 disciplina

364 2735 482 2790 Herodis
507 2736 608 2804 Attici,
631 2736 779 2790 Aristoolis
798 2735 964 2804 Pergameni
987 2734 1160 2802 odorumque
1179 2735 1373 2804 sophistarum

363 2824 430 2860 usus
456 2805 607 2876 multisque
635 2806 782 2860 itineribus
810 2805 906 2860 orbem
932 2809 1068 2859 terrarum
1093 2807 1308 2875 perlustrasset,
1337 2823 1375 2860 ea

364 2893 436 2944 quae
450 2880 510 2930 tum
524 2877 667 2931 ferebatur
681 2876 843 2946 eloquentia
858 2877 929 2930 adeo
943 2875 1044 2944 flor-uit,
1059 2879 1091 2929 ut
1105 2875 1160 2928 sibi
1170 2880 1256 2944 etque
1267 2893 1374 2944 aequa-

363 2947 438 3000 libus
452 2947 648 3001 Demosthenis
666 2948 780 3001 laudem
799 2947 940 3002 videretur
958 2963 1091 3014 aequars3
1111 2946 1184 3000 diem
1204 2946 1277 3000 obiit
1296 2964 1374 3002 anno

363 3019 421 3072 fere
448 3025 497 3071 185
522 3019 662 3086 Smyrnae.
700 3017 856 3072 orationum
881 3017 940 3071 eius
965 3017 1087 3086 quinque
1110 3020 1139 3070 et
1162 3017 1375 3086 quinquaginta

598 3089 634 3142 ad
654 3089 777 3143 aetatem
794 3092 921 3142 nostram
939 3090 1133 3157 pervenerunt.

447 3250 536 3315 VIII.
560 3250 694 3315 Rhodus
718 3256 823 3316 terras
847 3255 939 3314 motu
962 3250 1067 3314 deleta
1090 3248 1284 3333 deploratur.

599 3365 648 3431 (or.
668 3361 754 3414 XLIII
773 3361 816 3416 ed.
836 3361 919 3416 Dind.
937 3361 950 3414 Ι
970 3363 1130 3430 soe-808.)

334 3490 346 3542 Ι
436 3482 492 3554 Τίς
514 3479 556 3543 άν
580 3481 626 3544 ἔτι
650 3481 839 3563 σωφρονοίη
862 3487 919 3560 τῆς
938 3481 1085 3563 σχετλίας
1104 3476 1229 3562 ἐκείνης
1248 3496 1374 3562 μεσημ-

280 3565 471 3666 “·’ζζ1ἷ·ςβρίας
493 3586 668 3667 μνησθείς,
700 3583 736 3647 ἐν
764 3576 785 3667 ᾖ
813 3585 849 3647 τὸ
879 3587 981 3648 κακὸν
1010 3595 1141 3663 πρῶτον
1169 3585 1287 3668 ἤρχετο
1319 3583 1374 3648 καλ
