3118 3962
365 250 409 314 32
721 255 768 306 VI.
787 255 1002 308 ΙΣΟΚΡΔΤΗΣ,

365 423 433 488 τοῖς
456 414 663 496 διενεγκοῦσι
680 413 741 496 τὴν
758 414 863 495 φύσιν
880 413 984 498 ἀργὸν
1003 410 1088 478 εἶναι
1106 415 1167 498 τὴν
1186 407 1371 499 διατριβήν,

365 513 437 583 ἀλλ’
460 516 713 605 ἀθροισθέντων
736 530 802 584 τῶν
819 515 988 604 Ἑλλήνων
1011 518 1206 604 ἐγγενέσθαι
1224 530 1293 594 τοῖς
1311 514 1371 602 μὲν

365 619 592 702 ἀποδείξασθαι
619 624 676 700 τάς
703 623 813 689 αὑτῶν
840 624 1006 710 εὐτυχίας,
1032 637 1102 703 τοῖς
1124 622 1162 699 δὲ
1182 625 1371 690 θεάσασθαι
1426 627 1427 646 ³

364 731 503 807 τούτους
524 731 606 811 πρὸς
625 729 789 814 ἀλλήλους
806 729 1079 814 ἀγωνιζομένους,
1101 729 1156 796 καὶ
1174 727 1373 815 μηδετέρους

366 833 503 919 ἀθύμως
525 835 665 920 διάγειν,
688 833 760 901 ἀλλ’
782 833 955 921 ἑκατέρους
977 839 1076 922 ἔχειν,
1099 834 1151 922 ἀφ’
1174 828 1223 914 οἷς
1244 841 1371 922 φιλοτι-

366 947 531 1024 μηθῶσιν,
550 942 586 1006 oc
601 938 662 1025 μὲν
680 941 760 1007 όταν
779 944 875 1008 ἴδωσι
893 945 972 1018 τοὺς
990 942 1136 1027 ἀθλητὰς
1152 942 1263 1008 αὑτῶν
1275 940 1373 1007 ἕνεκα

365 1057 566 1128 πονοῦντας,
595 1048 631 1113 ολ
656 1042 688 1112 δ’
713 1047 793 1113 ὅταν
821 1046 1076 1132 ἐνθυμηθῶσιν,
1104 1047 1155 1113 ὅτι
1177 1048 1296 1125 πάντες
1319 1046 1372 1113 &az

366 1153 426 1237 τὴν
458 1151 621 1238 σφετέραν
651 1158 799 1237 θεωρίαν
830 1155 965 1238 ἥκουσι,
995 1189 1032 1202 -
1062 1155 1231 1220 τοσούτων
1256 1157 1373 1219 τοίνυν

367 1257 505 1341 ἀγαθῶν
522 1260 578 1324 διά
593 1259 651 1336 τάς
665 1261 829 1336 συνόδους
842 1259 922 1343 ἡμίν
936 1257 1142 1352 γιγνομένων
1155 1256 1228 1326 οὐδ’
1246 1259 1283 1324 ἐν
1296 1261 1373 1324 τού-

318 1381 348 1429 12
368 1388 438 1440 τοις
451 1363 472 1447 η
485 1367 580 1440 πόλις
595 1364 688 1449 ἡμῶν
703 1364 896 1450 ἀπελείφθη.
928 1363 983 1430 καλ
997 1366 1060 1451 γὰρ
1073 1365 1223 1450 θεάματα
1236 1370 1373 1430 πλείστα

367 1468 422 1534 καλ
444 1471 602 1536 κάλλιστα
624 1469 785 1556 κέκτηται,
807 1472 847 1558 τά
865 1467 926 1555 μέν
943 1483 1014 1546 ταῖς
1032 1471 1193 1547 δαπάναις
1210 1470 1372 1556 ὑπερβάλ-

367 1580 477 1659 λοντα,
500 1577 539 1641 τά
562 1573 600 1641 δέ
621 1577 702 1641 κατά
724 1577 782 1652 τδς
798 1574 914 1661 τέχνας
931 1575 1183 1660 εὐδοκιμοῦντα,
1205 1577 1244 1642 τά
1263 1573 1292 1641 δ’
1312 1575 1373 1661 ἀμ

366 1680 518 1767 φοτέροις
539 1683 669 1758 τούτοις
692 1681 907 1766 διαφέροντα·
930 1680 1044 1748 καὶτὸ
1067 1687 1196 1766 πλῆθος
1218 1692 1284 1747 τῶν
1307 1682 1374 1745 ελσ-

367 1787 621 1873 αφικνουμένων
644 1789 688 1864 ὡς
709 1787 794 1872 ἡμᾶς
815 1791 977 1854 τοσοῦτόν
999 1786 1105 1871 ἐστιν,
1128 1784 1205 1854 ὥστ’
1228 1793 1263 1852 ελ
1279 1810 1312 1852 τε
1336 1786 1374 1852 ἐν

366 1903 411 1982 τῷ
439 1894 628 1978 πλησιάζειν
655 1893 809 1978 ἀλλήλοις
837 1892 967 1976 ἀγαθόν
995 1892 1080 1977 έστι,
1106 1895 1161 1958 καλ
1187 1889 1283 1960 τοῦθ’
1313 1890 1370 1958 ὑπ’

367 1999 467 2082 αὐτῆς
493 2005 734 2084 περιειληφθαι.
780 2001 863 2083 πρὸς
891 1995 928 2063 δὲ
954 2000 1083 2075 τούτοις
1106 1997 1162 2064 καὶ
1184 2002 1297 2083 φιλίας
1320 1997 1374 2064 εὖ·

367 2117 439 2190 ρεῑν
456 2107 649 2183 πιστοτάτας
665 2107 720 2171 καλ
740 2108 932 2181 συνουσίαις
951 2104 1099 2190 ἐντυχεῖν
1117 2106 1375 2170 παντοδαπωτά-

367 2235 438 2288 ταις
460 2211 599 2295 μάλιστα
620 2208 697 2296 παρ’
718 2212 799 2295 ἡμῖν
822 2213 924 2294 ἔστιν,
946 2213 993 2275 ἔτι
1017 2209 1047 2276 δ’
1070 2209 1200 2294 ἀγῶνας
1223 2211 1310 2276 ίδελν
1329 2213 1375 2294 μὴ

368 2320 472 2402 μόνον
499 2317 618 2402 τάχους
639 2315 694 2383 καλ
717 2316 827 2402 ῥώμης
850 2314 1009 2381 ἀλλὰκαὶ
1033 2319 1142 2400 λόγων
1164 2313 1219 2382 καὶ
1241 2317 1378 2400 γνώμης

367 2420 511 2487 καὶτῶν
534 2424 643 2487 ἀλλων
666 2425 772 2507 ἔργων
796 2418 961 2505 ἁπάντων,
983 2419 1038 2486 καὶ
1060 2422 1187 2487 τούτων
1210 2415 1299 2487 ἀθλα
1319 2421 1377 2506 με’-

318 2547 349 2595 13
368 2546 470 2611 γιστα.
520 2530 602 2611 πρὸς
629 2528 691 2612 γάρ
719 2518 769 2602 οἷς
796 2526 878 2610 αὐτὴ
906 2530 1035 2610 τίθησι,
1066 2523 1122 2591 καλ
1148 2528 1226 2602 τοὺς
1251 2528 1379 2604 ἀλλους

369 2637 500 2700 διδόναι
537 2636 789 2698 συναναπείθει·
830 2633 871 2697 τδ
902 2633 964 2716 γάρ
996 2628 1057 2716 ὑφ’
1088 2632 1182 2715 ἡμῶν
1214 2631 1378 2715 κριθέντα

367 2741 530 2821 τοσαύτην
549 2738 710 2822 λαμβάνει
728 2737 840 2819 δόξαν,
859 2738 941 2804 ὥστε
959 2738 1046 2820 παρά
1064 2746 1165 2803 πᾶσιν
1182 2735 1378 2820 ἀνθρώποις

368 2845 568 2929 ἀγαπᾶσθαι.
601 2841 700 2929 χωρὶς
723 2839 760 2908 δὲ
781 2845 908 2908 τούτων
927 2843 965 2908 αί
980 2840 1041 2927 μέν
1059 2843 1155 2907 ἄλλαι
1173 2843 1379 2926 πανηγύρεις

369 2953 425 3017 διά
447 2955 573 3016 πολλοῦ
596 2952 719 3035 χρόνου
743 2954 949 3031 συλλεγείσαι
971 2947 1092 3034 ταχέως
1115 2949 1333 3032 διελύθησαν,
1354 2949 1377 3032 ἡ

369 3055 399 3121 δ’
417 3053 556 3142 ἡμετέρα
574 3058 669 3132 πόλις
687 3056 814 3120 ἅπαντα
832 3055 891 3120 τὸν
910 3057 1013 3120 αἰῶνα
1031 3063 1101 3130 τοῖς
1118 3049 1379 3138 ἀφικνουμένοις

368 3165 551 3248 πανήγυρίς
574 3161 671 3226 ἐστιν.

318 3287 351 3334 14
437 3271 645 3351 Φιλοσοφίαν
668 3272 799 3350 τοίνυν,
825 3267 847 3350 ἣ
869 3266 975 3331 πάντα
997 3275 1099 3331 ταῦτα
1122 3261 1296 3348 συνεξεῦρε
1321 3263 1376 3328 καλ

369 3374 648 3458 συγκατεσκεύασε
680 3371 735 3438 καὶ
762 3375 844 3456 πρός
870 3395 905 3436 τε
932 3372 990 3448 τὰς
1015 3369 1147 3455 πράξεις
1173 3369 1257 3454 ἡμᾶς
1283 3367 1376 3434 ἐπαί

371 3481 466 3544 δευσε
494 3478 549 3543 καὶ
572 3482 654 3562 πρὸς
676 3478 839 3561 ἀλλήλους
862 3476 1003 3562 ἐπράυνε
1026 3475 1080 3541 καὶ
1102 3487 1169 3540 τῶν
1192 3485 1375 3560 συμφορῶν

371 3584 428 3659 τάς
457 3606 491 3648 τε
524 3581 567 3647 δι’
600 3582 749 3664 ἀμαθίαν
781 3581 834 3645 καλ
864 3583 921 3658 τάς
948 3581 981 3658 ἐξ
1008 3580 1152 3665 ἀνάγκης
1178 3579 1377 3664 γιγνομένας
