3118 3962
343 270 388 332 52
566 273 569 278 ·
618 275 665 327 xl.
685 273 773 325 Διειει
792 272 1074 324 Χενεοεεοειοε.

343 432 464 510 αὐτοις.
509 434 546 499 τὸ
577 428 614 497 δέ
640 430 785 517 θέατρόν
813 431 904 498 ἐστιν
932 433 1041 517 ὥσπερ
1069 431 1197 518 φάραγξ
1225 435 1357 512 κοῖλον,

343 542 430 620 πλην
452 538 493 603 οὐ
516 541 642 623 μακρὸν
661 536 877 621 ἑκατέρωθεν,
899 537 984 603 ἀλλὰ
1002 540 1208 622 στρογγύλον
1226 535 1259 614 ἐξ
1277 536 1356 620 ἡμί-

344 659 434 726 σους,
457 643 518 710 οὐκ
535 645 733 728 αὐτόματον,
756 641 827 708 ἀλλ’
851 641 1109 731 ᾠκοδομημένον
1128 648 1245 718 λίθοις.
1273 647 1358 717 ἴσως
1415 653 1416 658 ’

344 746 385 812 δέ
413 773 478 833 μου
509 755 702 837 καταγελᾷς,
735 749 785 814 ὅτι
816 767 869 816 σοι
900 752 1077 834 διηγοῦμαι
1108 760 1219 833 σαφῶς
1247 748 1357 812 εἰδότι

310 870 324 916 3
343 864 453 918 ταῦτα.
490 867 621 939 πρῶτον
644 851 704 940 μὲν
728 851 791 920 οὖν
813 856 921 921 πολύν
941 880 1016 920 τινα
1035 858 1158 941 χρόνον
1176 855 1258 919 ἀλλα
1275 854 1357 918 τινὰ

345 962 501 1044 ἔπραττεν
525 963 542 1028 ὁ
566 964 673 1047 ὄχλος,
696 959 750 1027 καί
774 962 881 1046 ἐβόων
903 959 981 1028 ποτέ
1000 959 1061 1046 μὲν
1079 959 1191 1047 πρᾴως
1209 958 1261 1024 καὶ
1282 961 1358 1024 ἱλα-

345 1077 411 1149 ρῶς
432 1067 562 1149 πάντες,
585 1067 798 1145 ἐπαινοῦντές
819 1093 922 1151 τινας,
945 1065 1023 1134 ποτέ
1047 1065 1085 1133 δέ
1108 1069 1237 1152 σφόδρα
1260 1065 1357 1148 ὀργί-

345 1177 418 1248 λως.
463 1167 506 1256 ἦν
534 1169 570 1237 δὲ
593 1182 690 1238 τοῦτο
714 1175 857 1259 χαλεπὸν
880 1175 917 1238 τὸ
940 1182 997 1256 τῆς
1019 1173 1119 1257 ὀργῆς
1142 1173 1263 1237 αὐτῶν·
1298 1171 1357 1236 καὶ

345 1279 422 1353 τούς
440 1277 641 1362 ἀνθρώπους
658 1279 763 1355 εὐθὺς
781 1278 976 1363 ἐξέπληττον
990 1271 1039 1355 οἷς
1058 1277 1248 1363 ένέκραγον·
1267 1278 1358 1342 ὥστε

345 1385 381 1448 οἱ
404 1380 465 1468 μέν
489 1384 599 1449 αὐτῶν
620 1382 864 1469 περιτρέχοντες
888 1382 1036 1465 ἐδέοντο,
1063 1385 1099 1448 οἱ
1119 1380 1156 1450 δὲ
1178 1385 1218 1448 τά
1242 1383 1358 1468 ίμάτια

346 1489 522 1574 ἐρρίπτουν
551 1490 616 1554 ὑπὸ
645 1498 705 1554 τοῦ
734 1492 852 1574 φόβου.
903 1487 967 1571 ἐγὼ
997 1486 1035 1553 δὲ
1061 1491 1115 1554 καὶ
1143 1489 1241 1566 αὐτὸς
1266 1490 1357 1567 ἅπαξ

346 1596 460 1678 ὀλίγου
488 1593 666 1660 κατέπεσον
693 1595 758 1660 ὑπὸ
786 1603 843 1679 τῆς
864 1604 1024 1678 κραυγῆς,
1051 1595 1160 1679 ὥσπερ
1182 1595 1359 1670 κλύδωνος

310 1715 327 1762 4
347 1699 501 1784 ἐξαίφνης
523 1700 544 1783 ἢ
567 1704 707 1784 βροντης
729 1699 966 1785 ἐπιρραγείσης.
1003 1698 1072 1765 ἐπεὶ
1091 1697 1128 1765 δὲ
1146 1699 1263 1785 ἡσυχία
1283 1699 1355 1784 ἐγέ-

345 1830 437 1890 νετο,
465 1808 658 1890 παρήγαγον
685 1804 776 1890 κάμέ.
822 1803 875 1870 καὶ
903 1801 976 1869 εἶπέ
1000 1825 1062 1882 τις·
1095 1801 1228 1881 “Οὗτός
1249 1803 1356 1889 ἐστιν,

346 1908 372 1977 ὦ
396 1913 526 1996 ἀνδρες,
548 1923 615 1977 τῶν
638 1909 877 1995 καρπουμένων
900 1913 961 1994 τὴν
985 1912 1147 1995 δημοσίαν
1164 1919 1227 1995 γῆν
1245 1914 1356 1996 πολλὰ

346 2022 400 2104 ἐτη
429 2019 470 2084 ού
498 2019 602 2101 μόνον
631 2016 745 2100 αὐτός,
775 2015 857 2082 ἀλλά
885 2015 940 2082 καὶ
967 2017 986 2082 ὁ
1013 2018 1119 2101 πατὴρ
1147 2017 1249 2082 αὐτοῦ
1270 2021 1355 2102 πρό-

345 2149 453 2208 τερον,
476 2122 530 2188 καί
552 2121 771 2207 κατανέμουσι
795 2123 835 2188 τά
857 2121 996 2206 ἡμέτερα
1015 2124 1076 2206 ὅρη
1095 2119 1150 2187 καὶ
1168 2133 1355 2206 γεωργοῦσι
1419 2181 1420 2202 ,

345 2229 400 2297 καὶ
431 2231 613 2313 θηρεύουσι
640 2227 694 2294 καὶ
723 2231 827 2304 οἰκίας
855 2227 1121 2316 ἐνῳκοδομήκασι
1148 2230 1270 2305 πολλὰς
1297 2230 1354 2295 καὶ

346 2335 511 2421 ἀμπέλους
551 2334 812 2419 ἐμπεφυτεύκασι
852 2331 908 2398 καὶ
949 2335 1031 2397 ἀλλα
1072 2335 1177 2399 πολλὰ
1218 2336 1355 2420 ἔχουσιν

347 2441 473 2526 ἀγαθά,
500 2441 577 2507 ούτε
599 2441 697 2524 τιμὴν
718 2442 958 2524 καταβαλόντες
979 2436 1093 2504 οὐδενί
1115 2448 1171 2522 τῆς
1193 2449 1252 2522 γῆς
1275 2442 1353 2506 οὔτε
1419 2511 1420 2542 ρ

345 2547 487 2630 δωρειὰν
506 2549 594 2627 παρὰ
624 2555 683 2611 τοῦ
714 2547 821 2629 δήμου
852 2548 1017 2629 λαβόντες.
1061 2541 1144 2628 ὑπέρ
1170 2549 1260 2621 τίνος
1288 2548 1354 2630 γὰρ

312 2669 327 2716 ο
347 2653 389 2720 ἀν
407 2651 462 2718 καὶ
481 2655 616 2734 ἕλαβον;
640 2653 769 2736 ἔχοντες
788 2646 825 2714 δέ
843 2651 883 2715 τὰ
901 2648 1041 2734 ἡμέτερα
1059 2647 1114 2715 καὶ
1131 2655 1355 2729 πλουτοῦντες
1417 2683 1420 2738 5

347 2761 422 2825 οὔτε
446 2759 653 2841 λειτουργίαν
676 2757 806 2821 πώποτε
825 2755 1079 2840 ἐλειτούργησαν
1098 2755 1256 2838 οὐδεμίαν
1276 2758 1354 2822 οὔτε

346 2865 467 2950 μοίράν
489 2887 564 2927 τινα
585 2861 783 2927 ὑποτελοῦσι
805 2873 872 2927 τῶν
895 2860 1112 2946 γιγνομένων,
1135 2858 1207 2926 ἀλλ’
1228 2859 1355 2940 ἀτελεῖς

346 2969 400 3036 καὶ
432 2968 680 3052 ἀλειτούργητοι
708 2969 932 3049 διατελοῦσιν,
964 2968 1074 3050 ὥσπερ
1102 2965 1269 3050 εὐεργέται
1297 2978 1355 3051 τῆς

346 3079 479 3150 πόλεως.
524 3069 614 3156 οἶμαι
646 3070 723 3156 δέ”,
755 3075 834 3158 ἔφη,
867 3069 977 3156 ’μηδὲ
1000 3071 1198 3156 ἐληλυθέναι
1220 3073 1355 3140 πώποτε

347 3181 467 3257 αὐτοὺς
481 3177 635 3244 ἐνθάδε.”
667 3176 755 3261 κάγὼ
775 3177 946 3244 ἀνένευσα.
978 3179 996 3244 ὁ
1016 3173 1052 3242 δὲ
1071 3179 1168 3262 ὄχλος
1185 3176 1356 3263 ἐγέλασεν,

347 3288 390 3364 ὡς
412 3282 488 3351 εἶδε.
524 3281 579 3349 καὶ
601 3283 620 3349 ὁ
644 3282 749 3366 λέγων
772 3283 898 3360 ἐκεῖνος
916 3283 1066 3368 ὠργίσθη
1085 3282 1138 3348 ἐπὶ
1156 3291 1201 3369 τῷ
1219 3281 1356 3366 γέλωτι·

347 3393 414 3457 “El
430 3386 529 3470 ούν”,
547 3393 621 3473 ἔφη,
640 3388 758 3454 “donet
773 3399 875 3455 ταῦτα
894 3389 1009 3471 οὕτως,
1028 3389 1089 3454 οὐκ
1107 3387 1149 3453 ἀν
1162 3389 1357 3475 φθάνοιμεν

348 3498 487 3572 ἅπαντες
513 3496 552 3559 τδι
579 3495 675 3560 κοινδι
704 3496 957 3579 διαρπάσαντες,
989 3496 1025 3559 οί
1049 3491 1109 3579 μέν
1137 3494 1176 3558 τά
1202 3497 1358 3580 χρήματα

348 3611 404 3683 τῆς
431 3604 573 3681 πόλεως,
600 3599 708 3684 ὥσπερ
737 3599 848 3683 ἀμέλει
871 3597 925 3664 καὶ
948 3610 1012 3664 νῦν
1035 3603 1172 3666 ποιοῦσί
1190 3623 1297 3686 τινες,
1326 3604 1362 3668 οἱ
