3118 3962
364 178 406 241 28
727 180 757 230 V.
778 178 999 229 ιοτκιιιιοτ.

364 333 424 420 ὑφ’
449 336 507 402 ἕνα
535 340 651 420 καιρὸν
674 340 711 402 ἒν
734 360 767 402 τε
788 335 947 423 Ὀλυμπίᾳ
969 345 1007 421 τῇ
1032 333 1196 421 ἑκατόμβῃ
1222 348 1396 420 παρεῖναι

364 441 418 507 καί
441 442 478 507 έν
497 447 673 528 Βαβυλῶνι
697 445 778 519 τοὺς·
795 447 1020 526 πολεμοῦντας
1043 441 1239 506 ἐπισκοπεῖν
1271 439 1342 506 καὶ
1367 440 1397 504 ἐν

329 548 480 626 3Γέταις
511 553 652 634 χαλαζᾶν
679 548 734 614 καλ
762 550 798 614 ἐν
826 551 990 627 Αἰθίοψιν
1017 548 1226 634 εὐωχεῖσθαι.
1287 549 1336 612 τὸ
1366 544 1396 610 δὲ

365 659 586 740 μεμψίμοιρον
614 653 692 722 οὐδὲ
715 656 801 722 οὕτω
825 658 1001 740 διαφυγεῖν
1024 653 1158 742 ῥᾴδιον,
1185 652 1287 718 ἀλλὰ
1316 659 1395 719 πολ-

306 761 457 838 ΒΙλάκις
484 763 519 826 oc
543 759 604 846 μὲν
632 763 726 827 ἀλλοι
754 765 833 826 θεοί
857 784 891 826 τε
918 759 973 826 καὶ
996 759 1109 845 ἀνέρες
1133 759 1394 844 ἱπποκορυσταὶ

365 867 501 932 εὕδουσι
523 869 717 952 παννύχιοι,
740 869 798 934 τὸν
821 869 889 931 Δία
912 863 949 931 δὲ
973 863 1028 950 ἐμὲ
1052 866 1112 931 οὐκ
1135 867 1200 951 ἔχει
1226 867 1394 950 νήδυμος

364 973 475 1049 ὕπνος.
521 971 563 1057 ἢν
586 975 648 1059 γάρ
672 997 703 1038 τι
725 971 780 1038 καὶ
803 975 921 1057 μικρὸν
944 971 1220 1056 ἐπινυστάξωμεν,
1248 970 1392 1056 ἀληθὴς

365 1079 468 1154 εὐθύς
487 1079 505 1146 6
521 1077 724 1162 Ἐπίκουρος,
744 1077 970 1164 ἀπρονοήτους
987 1079 1072 1165 ἡμᾶς
1090 1079 1298 1162 ἀποφαίνων
1321 1091 1389 1143 τῶν

365 1182 418 1250 ἐπὶ
441 1193 500 1268 γῆς
521 1185 732 1268 πραγμάτων,
756 1181 810 1248 καί
834 1183 852 1250 6
875 1187 1031 1261 κίνδυνος
1049 1184 1110 1250 ούκ
1127 1184 1387 1269 εὐκαταφρόνη-

364 1312 435 1372 τος,
462 1292 493 1354 εί
518 1300 619 1356 ταῦτα
647 1291 682 1355 οί
707 1289 881 1374 ἅνθρωποι
905 1291 1140 1354 πιστεύσουσιν
1163 1288 1273 1376 αὐτῷ,
1303 1289 1382 1355 ἀλλ’

366 1395 591 1481 ἀστεφάνωτοι
618 1391 679 1479 μὲν
702 1394 782 1479 ἡμίν
806 1397 841 1460 οί
861 1394 937 1460 ναοὶ
960 1397 1107 1478 ἔσονται,
1134 1393 1321 1460 ἀκνίσωτοι
1348 1393 1383 1460 δέ

366 1503 402 1566 αί
423 1501 546 1584 ἀγυιαί,
568 1501 731 1565 άσπονδοι
754 1496 791 1565 δὲ
814 1501 849 1566 οἱ
868 1511 1036 1584 κρατῆρες,
1058 1499 1180 1587 ψυχροὶ
1199 1496 1237 1564 δὲ
1256 1503 1296 1566 oc
1311 1507 1380 1586 βω-

366 1613 438 1691 μοί,
468 1605 522 1672 καὶ
552 1606 636 1682 ὅλως
666 1607 775 1671 άθυτα
805 1604 859 1671 καὶ
890 1604 1105 1692 ἀκαλλιέρητα
1133 1607 1240 1670 πάντα
1270 1605 1331 1672 καὶ
1363 1609 1379 1674 6

368 1715 460 1797 λιμὸς
481 1714 593 1790 πολύς.

331 1836 345 1882 4
437 1823 624 1902 Τοιγαροῦν
647 1817 755 1903 ὥσπερ
779 1819 815 1883 οί
835 1821 1032 1902 κυβερνῆται
1054 1818 1180 1902 ὑψηλὸς
1199 1822 1303 1901 μόνος
1320 1820 1376 1885 ἐπί

366 1934 422 2009 τῆς
443 1927 594 2011 πρύμνης
618 1924 736 2007 ἕστηκα
758 1925 795 1988 τὸ
817 1925 980 2008 πηδάλιον
1000 1928 1083 2010 ἔχων
1102 1923 1137 1988 ἐν
1156 1915 1229 1990 ταίν
1247 1937 1374 2010 χεροίν,

366 2029 421 2095 καὶ
443 2033 479 2097 oc
493 2027 554 2115 μέν
573 2032 668 2096 άλλοι
688 2029 837 2112 ἐπιβάται
856 2030 1037 2113 μεθύοντες
1054 2032 1086 2094 εί
1102 2030 1195 2116 τύχοι
1213 2029 1371 2114 ἐγκαθεύ-

367 2139 500 2220 δουσιν,
532 2135 595 2220 ἐγὼ
626 2131 663 2201 δὲ
693 2136 861 2219 ἀγρυπνος
887 2133 942 2200 καὶ
969 2125 1080 2212 άσιτος
1105 2131 1189 2219 ὑπὲρ
1216 2133 1371 2203 ἁπάντων

368 2245 551 2327 μερμηρίζω
579 2243 660 2307 κατά
686 2240 793 2326 φρένα
820 2239 875 2306 καὶ
900 2241 980 2306 κατά
1002 2244 1115 2326 θυμὸν
1137 2245 1227 2330 μόνφ
1249 2252 1293 2330 τῷ
1317 2245 1368 2309 δε-

367 2352 487 2433 σπότης
509 2345 594 2414 εἶναι
618 2349 729 2413 δοκεῖν
748 2345 966 2431 τετιμημένος.
1003 2347 1085 2413 ὥστε
1103 2346 1208 2431 ἡδέως
1225 2347 1266 2412 ἀν
1282 2347 1367 2434 ἐροί-

368 2479 433 2539 μην
456 2458 533 2531 τοὺς
556 2457 773 2538 φιλοσόφους,
797 2454 829 2518 οἳ
852 2456 975 2536 μόνους
997 2456 1074 2530 τοὺς
1095 2455 1197 2530 θεοὺς
1218 2453 1364 2538 εὐδαιμο-

366 2563 525 2644 νίζουσιν,
549 2560 647 2626 ὁπότε
669 2557 724 2624 καὶ
748 2559 916 2644 σχολάζειν
938 2558 1022 2642 ἡμᾶς
1043 2567 1088 2646 τῷ
1111 2558 1241 2641 νέκταρι
1256 2558 1362 2648 καλιῇ

335 2685 349 2732 5
368 2665 532 2754 ἀμβροσίᾳ
550 2669 722 2749 νομίζουσι
740 2669 842 2750 μυρία
861 2665 923 2730 ὅσα
941 2668 1075 2750 ἔχοντας
1088 2666 1268 2750 πράγματα·
1290 2667 1361 2732 ίδού

368 2769 409 2856 γέ
423 2795 475 2837 τοι
492 2770 547 2838 ὑπ’
566 2772 720 2857 ἀσχολίας
737 2772 898 2848 τοσαύτας
916 2768 1039 2848 ἑώλους
1057 2773 1150 2847 δίκας
1165 2771 1359 2856 φυλάττομεν

369 2877 583 2963 ἀποκειμένας
609 2875 667 2942 ὑπ’
695 2877 836 2962 εὐρῶτος
858 2877 921 2960 ἤδη
945 2875 999 2941 καλ
1022 2875 1189 2962 ἀραχνίων
1212 2877 1356 2964 διεφθαρ-

369 2985 484 3071 μένας,
511 2982 566 3049 καλ
594 2984 733 3068 μάλιστα
760 2983 877 3049 ὁπόσαι
905 2983 962 3060 τάς
984 2982 1160 3068 ἐπιστήμας
1181 2981 1234 3049 καλ
1254 2981 1356 3069 τέχνας

368 3094 451 3177 πρὸς
470 3090 669 3173 ἀνθρώπους
686 3089 777 3165 τινάς
795 3087 1009 3172 ξυνέστησαν,
1026 3089 1114 3155 πάνυ
1132 3090 1265 3166 παλαιάς
1276 3088 1355 3168 ἐνίας

369 3197 487 3264 αὐτῶν.
539 3197 574 3262 οί
606 3192 643 3260 δὲ
674 3195 872 3280 κεκράγασιν
907 3193 1136 3281 ἁπανταχόθεν
1167 3194 1220 3261 καλ
1248 3195 1351 3280 ἀγανα-

368 3312 484 3369 κτοῦσι
506 3299 561 3368 καί
583 3301 644 3385 τὴν
667 3301 763 3383 δίκην
785 3299 981 3382 ἐπιβοῶνται
999 3297 1080 3385 κάμέ
1098 3311 1155 3385 τῆς
1172 3304 1351 3388 βραδυτῆτος

370 3411 554 3491 αἰτιῶνται,
586 3405 784 3490 ἀγνοοῦντες
816 3402 860 3482 ὡς
892 3405 953 3470 οὐκ
985 3406 1142 3493 ὀλιγωρίᾳ
1168 3409 1223 3484 τὰς
1247 3411 1348 3490 κρίσεις

369 3512 596 3599 ὑπερημέρους
619 3509 737 3593 ξυνέβη
762 3507 936 3591 γενέσθαι,
964 3507 1033 3574 ἀλλ’
1056 3512 1121 3574 ὑπὸ
1143 3521 1200 3593 τῆς
1220 3511 1345 3596 εύδαιμο-
1421 3579 1422 3590 ,
