3118 3962
131 9 199 367 ἵ
367 247 410 312 46
756 252 788 304 X.
807 253 992 305 ΑΙΛΙΔΝΟΣ.

332 424 348 473 ε
368 408 478 496 όλίγμ.
514 410 645 494 διαρρεῖ
661 407 698 475 δὲ
717 409 819 494 μέσου
838 410 940 477 αὐτοῦ
959 412 977 478 6
995 412 1198 495 καλούμενος
1215 413 1370 494 Πηνειός·

368 513 401 590 ές
419 524 538 580 τοῦτον
558 511 595 580 δέ
612 513 667 580 καὶ
686 516 722 581 οί
737 514 848 582 λοιποὶ
866 515 1006 601 ποταμοὶ
1025 515 1203 602 συρρέουσι
1220 515 1276 582 καὶ
1296 515 1371 581 ἀνα-

367 629 557 686 κοινοῦνται
580 622 617 686 τὸ
640 621 732 708 ὕδωρ
755 622 843 710 αὐτῷ
866 620 922 687 καὶ
940 622 1130 707 ἐργάζονται
1149 624 1207 688 τὸν
1225 624 1372 706 Πηνειὸν

368 723 489 792 ἐκεῖνοι
512 725 624 811 μέγαν.
671 728 840 814 διατριβὰς
863 724 895 793 δ’
919 729 984 813 έχει
1006 732 1156 806 ποικίλας
1177 727 1231 794 καὶ
1253 750 1371 793 παντο·
1420 727 1421 732 ’

368 832 474 908 δαπδς
500 831 519 898 6
546 834 645 909 τόπος
674 828 786 916 οὗτος,
816 833 877 900 αιάι
906 832 1121 918 ἀνθρωπίνης
1147 835 1255 919 χειρὸς
1284 835 1374 919 ἔργα,

369 935 452 1003 ἀλλὰ
470 939 602 1022 φύσεως
615 939 781 1024 αὐτόματα
796 937 829 1016 ές
842 939 963 1017 κάλλος
976 943 1048 1005 τότε
1062 938 1374 1026 φιλοτιμησαμένης,

333 1061 349 1108 3
369 1042 423 1108 ὅτε
447 1042 609 1128 ἐλάμβανε
631 1043 762 1127 γένεσιν
785 1044 804 1110 6
826 1056 941 1131 χῶρος.
977 1048 1084 1122 κιττὸς
1106 1042 1167 1131 μέν
1190 1047 1252 1130 γὰρ
1270 1049 1375 1121 πολὺς

368 1147 423 1214 καὶ
451 1143 489 1214 εὖ
516 1150 603 1234 μάλα
630 1150 743 1227 λάσιος
770 1149 940 1234 ένακμάζει
967 1149 1022 1216 καὶ
1049 1149 1169 1236 τέθηλε
1196 1149 1250 1216 καὶ
1277 1153 1375 1234 δίκην

368 1265 435 1319 τῶν
471 1254 616 1338 εὐγενῶν
652 1254 806 1339 ἀμπέλων
842 1258 923 1322 κατὰ
957 1269 1022 1323 τῶν
1054 1257 1193 1342 ὑψηλῶν
1224 1255 1375 1342 δένδρων

369 1359 502 1446 ἀνέρπει
525 1359 579 1426 καὶ
602 1361 814 1445 συμπέφυκεν
833 1363 955 1447 αὐτοῖς,
977 1365 1083 1448 πολλὴ
1102 1359 1139 1428 δέ
1159 1361 1275 1446 σμῖλαξ
1294 1366 1376 1446 πρὸς

369 1467 470 1532 αὐτὸν
493 1469 551 1532 τὸν
574 1467 681 1550 πάγον
704 1466 873 1554 ἀνατρέχει
895 1467 950 1534 καὶ
969 1468 1143 1548 ἐπισκιάζει
1161 1470 1222 1554 την
1239 1466 1375 1553 πέτραν·

369 1571 422 1637 καὶ
453 1571 561 1658 έκείνη
591 1569 652 1657 μέν
681 1573 926 1658 ὑπολανθάνει,
959 1575 1074 1660 ὁρᾶται
1104 1571 1141 1639 δέ
1170 1575 1207 1640 τὸ
1237 1575 1376 1658 χλοάζον

368 1687 451 1760 πᾶν,
479 1677 533 1743 καὶ
563 1681 653 1744 ἔστιν
683 1679 868 1764 ὀφθαλμῶν
898 1684 1089 1765 πανήγυρις.
1135 1679 1172 1745 ἐν
1199 1680 1313 1756 αὐτοῖς
1341 1677 1376 1744 δὲ

369 1795 437 1860 τοῖς
465 1788 565 1861 λείοις
592 1783 646 1849 καί
672 1783 882 1870 καθειμένοις
902 1787 986 1870 ἀλση
1014 1784 1051 1850 τέ
1076 1783 1145 1850 έστι
1166 1789 1300 1851 ποικίλα
1322 1784 1376 1850 καὶ

369 1888 555 1975 ὑποδρομαὶ
579 1902 742 1976 συνεχεῖς,
765 1890 802 1956 έν
826 1891 896 1978 ὥρᾳ
918 1889 1042 1975 θέρους
1063 1902 1263 1975 καταφυγεῖν
1287 1890 1377 1956 ὁδοι-

369 1999 484 2080 πόροις
505 1997 623 2080 ἣδιστα
646 1998 844 2080 καταγώγια,
868 1996 888 2061 δ
910 1994 965 2062 καὶ
990 1998 1128 2062 δίδωσιν
1147 1995 1297 2080 ἀσμένως
1315 2007 1379 2074 ψυ-

334 2121 350 2166 4
369 2102 475 2187 χάσαι.
521 2101 712 2188 διαρρέουσι
735 2099 772 2168 δέ
795 2101 849 2168 καὶ
871 2113 989 2188 κρῆναι
1013 2106 1146 2188 συχναί,
1172 2100 1227 2168 καὶ
1251 2100 1382 2187 έπιρρεῖ

369 2208 497 2292 νάματα
523 2207 656 2273 ὑδάτων
683 2219 821 2294 ψυχρῶν
848 2207 902 2273 καὶ
929 2219 1017 2273 πιεῖν
1044 2207 1199 2292 ἡδίστων.
1250 2205 1380 2291 λέγεται
1426 2281 1427 2304 ρ

370 2311 408 2378 δέ
430 2315 469 2378 τδι
491 2313 596 2379 ὕδατα
619 2323 721 2377 ταῦτα
743 2311 797 2378 καὶ
820 2323 889 2388 τοῖς
910 2311 1126 2397 λουσαμένοις
1143 2311 1273 2396 ἀγαθὸν
1292 2308 1381 2378 εἶναι
1426 2309 1427 2330 ’

336 2417 424 2486 ικαὶ
454 2417 487 2496 ές
518 2419 647 2502 ὑγίειαν
678 2418 789 2495 αὐτοῖς
821 2418 1079 2503 συμβάλλεσθαι.
1129 2414 1312 2504 κατᾴδουσι
1343 2416 1382 2482 δὲ

370 2523 424 2590 καὶ
447 2527 583 2610 ὄρνιθες
605 2526 704 2601 ἀλλος
726 2526 810 2609 ἄλλη
833 2524 1079 2610 διεσπαρμένοι,
1104 2522 1157 2588 καὶ
1181 2524 1324 2608 μάλιστα
1349 2526 1386 2589 οί

370 2633 539 2716 μουσικοί,
566 2629 621 2696 καὶ
649 2627 800 2694 ἑστιῶσιν
825 2625 862 2694 εὖ
886 2630 973 2713 μάλα
995 2631 1052 2706 τὰς
1075 2628 1174 2705 ἀκοὰς
1196 2627 1251 2694 καὶ
1273 2651 1383 2716 παρα-

370 2735 555 2822 πέμπουσιν
579 2736 709 2812 ἀπόνως
731 2733 786 2800 καλ
807 2738 870 2800 σὺν
888 2735 1005 2820 ἡδονῇ,
1028 2735 1084 2800 διδ
1103 2744 1162 2800 τοῦ
1181 2733 1302 2819 μέλους
1321 2739 1383 2800 τὸν

335 2844 515 2928 εκάματον
545 2853 611 2907 τῶν
638 2843 826 2927 παριόντων
854 2840 1081 2926 ἀφανίσαντες.
1131 2837 1209 2926 παρ’
1241 2838 1384 2926 ἑκάτερα

371 2946 407 3014 δὲ
437 2959 498 3014 τοῦ
527 2957 676 3031 ποταμοῦ
706 2947 743 3011 αί
771 2949 940 3032 διατριβαί
966 2948 1052 3012 είσιν
1082 2946 1120 3012 αί
1142 2946 1382 3032 προειρημέναι

370 3053 485 3120 καλαί
506 3053 700 3118 ἀνάπαυλαι.
738 3053 793 3117 διὰ
816 3050 925 3137 μέσων
950 3049 986 3117 δὲ
1009 3063 1076 3117 τῶν
1103 3055 1242 3136 Τεμπῶν
1265 3052 1283 3118 6
1309 3057 1383 3136 Πη-

369 3163 457 3236 νειὸς
474 3161 618 3243 ποταμὸς
637 3161 774 3243 έρχεται,
798 3163 898 3244 σχολῇ
917 3156 971 3223 καὶ
990 3155 1103 3246 πρᾴως
1119 3158 1246 3242 προῖὼν
1265 3157 1384 3224 έλαίυυ

371 3269 479 3349 δίκην,
501 3266 606 3348 πολλὴ
630 3260 667 3329 δέ
689 3261 758 3330 κατ’
782 3265 885 3331 αὐτοῦ
907 3264 928 3348 η
951 3265 1027 3329 σκιὰ
1046 3263 1082 3329 έκ
1099 3275 1166 3329 τῶν
1184 3284 1383 3349 παραπεφυ-

369 3375 477 3438 κότων
500 3369 651 3454 δένδρων
672 3368 726 3436 καὶ
745 3381 811 3436 τῶν
830 3369 1058 3454 ἐξηρτημένων
1076 3369 1208 3434 κλάδων
1227 3373 1382 3452 τίκτεται,

372 3479 416 3553 ὡς
444 3475 496 3541 έπὶ
523 3482 677 3541 πλεῖστον
705 3485 761 3560 τῆς
788 3474 910 3560 ἡμέρας
938 3475 1041 3558 αὐτὴν
1064 3479 1276 3558 προήκουσαν
1300 3474 1381 3540 ἀπο-

373 3583 500 3665 στέγειν
530 3583 591 3664 την
621 3581 735 3644 ἀκτῖνα
763 3579 818 3644 καὶ
844 3578 998 3664 παρέχειν
1025 3591 1093 3656 τοῖς
1119 3578 1256 3645 πλέουσι
1284 3587 1382 3647 πλεῖν
