3118 3962
488 228 535 281 x1.
556 226 643 278 Διαα
662 227 945 280 ΧΡνΣοΣΤοαοΣ.
1177 225 1217 286 51

200 391 287 471 ρίον
317 385 424 452 έκεῖνο
451 397 517 452 πᾶν
544 387 756 471 εἰργάσαντο,
782 384 838 451 καί
865 396 922 470 τῆς
944 389 1052 470 θήρας
1074 385 1094 469 η
1117 407 1223 471 χειμε-

200 494 289 577 ρινὴ
309 491 403 580 ῥᾴων
422 492 577 576 ἐγίγνετο.
606 493 692 557 οὕτω
712 494 753 576 δὴ
771 495 809 558 τὸ
829 489 882 557 ἀπ’
899 491 1028 557 ἐκείνου
1044 490 1223 575 διέμειναν,

201 595 315 664 οὐδὲν
343 601 390 664 ἔτι
417 596 680 684 προσδεηθέντες
706 599 810 663 ἀλλον
833 602 920 684 βίον.
965 595 1019 663 καί
1042 596 1121 681 ἡμῖν
1144 615 1222 662 συν-

204 702 348 782 έζευξαν
377 716 536 788 γυναῖκας
565 715 634 781 τοῖς
663 702 816 787 ἀλλήλων
845 703 953 768 υἰέσιν
983 700 1135 787 ἑκάτερος
1162 704 1223 786 την

204 811 320 902 αὑτοῦ
342 807 519 894 θυγατέρα.
556 811 736 893 τεθνήκασι
760 807 796 874 δὲ
815 808 995 894 ἀμφότεροι
1013 807 1131 894 πέρυσι
1151 825 1221 894 σχε-
1243 822 1276 870 10

206 918 287 998 δόν,
310 917 352 981 τὰ
374 912 435 1000 μέν
458 917 513 998 έτη
536 915 642 980 πολλὰ
666 913 817 998 λέγοντες
839 914 860 980 δ
879 915 1110 998 έβεβιιόκεσαν,
1133 916 1223 1000 ἰσχυ-

207 1020 265 1102 ροὶ
298 1019 336 1087 δὲ
356 1017 407 1086 ’ἔτι
429 1019 482 1086 καὶ
506 1020 577 1086 νέοι
599 1018 654 1086 καί
677 1033 825 1104 γενναῖοι
848 1021 888 1086 τδι
911 1022 1051 1104 σώματα.
1096 1031 1163 1084 τῶν
1187 1016 1224 1084 δὲ

208 1126 365 1212 μητέρων
394 1126 415 1210 ἡ
446 1126 506 1210 ε’μη
539 1131 714 1212 περίεστιν.
761 1126 778 1191 ὁ
809 1122 870 1210 μέν
901 1122 963 1192 οὖν
993 1125 1102 1210 ἕτερος
1130 1125 1224 1209 ἡμῶν

209 1233 425 1298 οὐδεπώποτε
443 1234 490 1308 εἰς
507 1235 606 1296 πόλιν
623 1230 756 1316 κατέβη,
775 1236 977 1317 πεντήκοντα
997 1235 1051 1316 έτη
1066 1233 1223 1315 γεγονώς·

213 1338 281 1422 ἐγὼ
306 1335 344 1403 δὲ
367 1337 419 1416 δὶς
436 1341 553 1423 μόνον,
576 1337 659 1416 ἅπαξ
679 1333 740 1421 μέν
758 1341 806 1403 ἔτι
823 1350 900 1415 παῖς
917 1338 997 1421 μετὰ
1015 1347 1075 1404 τοῦ
1092 1340 1225 1422 πατρός,

211 1445 356 1528 ὁπηνίκα
378 1445 440 1528 τὴν
463 1442 584 1527 ἀγέλην
607 1450 747 1528 εἰχομεν.
792 1444 932 1528 ὕστερον
956 1440 992 1509 δὲ
1016 1439 1077 1527 ἧκέ
1096 1467 1145 1520 τις
1167 1443 1224 1528 ἀρ-

212 1550 334 1635 γύριον
357 1553 473 1633 αἰτῶν,
496 1549 605 1634 ὥσπερ
629 1549 763 1634 έχοντάς
788 1574 837 1634 τι,
858 1551 1003 1615 κελεύων
1026 1550 1225 1614 ἀκολουθεῖν

213 1659 263 1733 εἰς
290 1657 352 1740 τὴν
379 1659 487 1721 πόλιν.
531 1654 612 1740 ἡμίν
639 1651 676 1720 δέ
704 1654 865 1738 ἀργύριον
893 1652 954 1738 μέν
982 1656 1042 1722 οὐκ
1064 1651 1123 1740 ἦν,
1150 1651 1221 1719 ἀλλ’

217 1761 444 1846 ἀπωμοσάμην
467 1763 511 1846 μη
535 1763 635 1846 ἔχειν·
658 1763 689 1825 εἰ
706 1757 742 1825 δέ
761 1765 817 1846 μή,
841 1761 1020 1827 δεδωκέναι
1037 1763 1089 1828 ἄν.
1126 1760 1225 1839 ἐξενί-

217 1884 323 1952 σαμεν
346 1861 383 1930 δέ
407 1867 508 1932 αὐτὸν
532 1866 576 1943 ὡς
600 1865 790 1950 έδυνάμεθα
813 1867 970 1932 κάλλιστα
992 1865 1046 1932 καί
1070 1868 1131 1932 δύο
1153 1865 1225 1932 έλά-

219 1995 298 2058 φεια
331 1970 474 2057 δέρματα
507 1971 688 2056 ἐδώκαμεν·
730 1971 819 2055 κάγὼ
848 1973 1061 2057 ἠκολούθησα
1091 1975 1137 2049 εἰς
1165 1974 1227 2056 τὴν

220 2081 329 2143 πόλιν.
370 2079 432 2162 ἔφη
455 2078 518 2161 γάρ
541 2075 690 2160 ἀνάγκην
712 2073 797 2144 εἶναι
820 2080 878 2144 τὸν
901 2077 1014 2164 ἕτερον
1037 2078 1151 2144 ἐλθεῖν
1172 2076 1226 2142 καί

220 2182 350 2261 διδάξαι
373 2180 448 2268 περὶ
470 2183 606 2247 τούτων.

284 2283 388 2354 Εἶδον
416 2281 494 2370 οὖν,
521 2279 574 2352 οἷα
602 2284 657 2351 καί
684 2291 864 2374 πρότερον,
892 2291 997 2366 οἰκίας
1022 2290 1146 2366 πολλάς
1171 2287 1226 2354 καί
1240 2300 1266 2354 ΙΙ

220 2394 361 2479 μεγάλας
383 2389 438 2458 καί
456 2403 561 2478 τεῖχος
580 2392 706 2470 ἔξωθεν
724 2397 883 2478 καρτερὸν
901 2393 955 2460 καί
975 2395 1135 2478 οἰκηματά
1152 2420 1226 2461 τινα

220 2499 328 2583 ὑψηλὰ
351 2496 405 2564 καί
428 2499 615 2584 τετράγωνα
639 2498 675 2565 έν
698 2509 743 2587 τῷ
764 2501 862 2584 τείχει
889 2504 967 2577 τοὺς
993 2502 1143 2585 πύργους
1171 2498 1225 2565 καί

222 2611 316 2670 πλοῖα
346 2605 452 2669 πολλὰ
483 2603 666 2688 ὁρμοῦντα,
692 2605 805 2691 ’ὥσπερ
836 2605 873 2670 έν
900 2609 1016 2691 λίμνη,
1044 2614 1090 2693 τῷ
1119 2605 1226 2690 λιμένι

223 2712 303 2777 κατὰ
333 2711 460 2793 πολλὴν
492 2709 642 2795 ἡσυχίαν.
694 2721 791 2776 τοῦτο
824 2708 861 2776 δέ
891 2711 1013 2776 ένθάδε
1045 2711 1106 2776 οὐκ
1138 2714 1227 2777 ἔστιν

224 2818 382 2901 οὐδαμοῦ,
415 2815 499 2880 ὅπου
530 2813 750 2901 κατηνέχθης·
783 2819 838 2881 καί
871 2818 926 2881 διά
958 2825 1055 2882 τοῦτο
1087 2818 1124 2882 αί
1151 2827 1228 2901 νῆες

226 2923 432 2989 ἀπόλλυνται.
477 2932 579 2988 ταῦτα
609 2917 671 2987 οὖν
701 2920 814 3004 ἑώρων
843 2920 897 2987 καὶ
927 2926 1034 2988 πολὺν
1064 2925 1163 3007 όγλον
1191 2923 1227 2988 έν

229 3028 328 3116 ταύτῷ
352 3027 590 3113 συνειργμένον
613 3027 667 3093 καὶ
691 3033 842 3113 θόρυβον
865 3028 1033 3113 ἀμήχανον
1056 3027 1110 3094 καὶ
1128 3053 1227 3112 κραυ-

226 3137 297 3218 γήν·
340 3135 422 3200 ὥστε
453 3133 526 3218 έμοί
556 3133 696 3200 ἐδόκουν
725 3137 844 3211 πάντες
872 3135 1035 3220 μάχεσθαι
1064 3133 1227 3218 ἀλληλοις.

232 3241 296 3322 ἄγει
328 3235 390 3306 οὖν
422 3264 461 3324 με
493 3244 575 3323 πρός
606 3265 699 3317 τινας
729 3243 888 3327 ἀρχοντας
919 3239 973 3306 καί
1005 3236 1074 3305 εἶπε
1106 3247 1261 3323 γελῶνε

232 3341 355 3422 “οὗτός
378 3345 484 3428 έστιν,
510 3344 561 3430 ἐφ’
585 3346 624 3411 όν
647 3371 687 3430 με
710 3346 881 3431 ἐπέμψατε.
927 3349 991 3432 ἔχει
1015 3342 1052 3411 δέ
1075 3343 1175 3412 οὐδὲν
1198 3349 1229 3412 εἰ

229 3456 268 3536 μη
294 3475 327 3534 γε
357 3454 418 3535 τὴν
445 3455 552 3536 κόμην
579 3450 633 3517 καί
660 3454 785 3536 σκηνὴν
808 3453 895 3537 μάλα
919 3455 1063 3537 ἰσχυρῶν
1086 3451 1226 3530 ξύλων.”

234 3557 265 3622 οἰ
290 3553 322 3622 δὲ
353 3558 508 3641 ἄρχοντες
537 3559 583 3634 εἰς
612 3560 648 3622 τὸ
678 3557 822 3643 θέατρον
852 3557 1018 3640 ἐβάδιζον,
1047 3557 1136 3639 κάγὼ
1164 3561 1226 3621 σὺν

1026 3663 1061 3710 ⁴*
