<?xml version="1.0" encoding="UTF-8"?>
<!DOCTYPE html PUBLIC "-//W3C//DTD XHTML 1.0 Transitional//EN"
    "http://www.w3.org/TR/xhtml1/DTD/xhtml1-transitional.dtd">
<html xmlns="http://www.w3.org/1999/xhtml" xml:lang="en" lang="en">
 <head>
  <title>
</title>
<meta http-equiv="Content-Type" content="text/html;charset=utf-8" />
  <meta name='ocr-system' content='tesseract 3.04.00' />
  <meta name='ocr-capabilities' content='ocr_page ocr_carea ocr_par ocr_line ocrx_word'/>
</head>
<body>
  <div class='ocr_page' id='page_1' title='image "./florilegiumgrae05petegoog_0007.png"; bbox 0 0 3118 3962; ppageno 0'>
   <div class='ocr_carea' id='block_1_1' title="bbox 263 1173 1208 1371">
    <p class='ocr_par' dir='ltr' id='par_1_1' title="bbox 263 1173 1208 1371">
     <span class='ocr_line' id='line_1_1' title="bbox 263 1173 1208 1264; baseline 0.002 -22"><span class='ocrx_word' id='word_1_1' title='bbox 263 1179 288 1243; x_wconf 89' lang='grc' dir='ltr'><strong><em>Ι.</em></strong></span> <span class='ocrx_word' id='word_1_2' title='bbox 316 1179 365 1243; x_wconf 85' lang='lat' dir='ltr'><strong><em>De</em></strong></span> <span class='ocrx_word' id='word_1_3' title='bbox 389 1179 527 1243; x_wconf 80' lang='lat' dir='ltr'>oraculis</span> <span class='ocrx_word' id='word_1_4' title='bbox 552 1202 572 1242; x_wconf 80' lang='lat' dir='ltr'>a</span> <span class='ocrx_word' id='word_1_5' title='bbox 594 1177 715 1264; x_wconf 70' lang='lat' dir='ltr'>Pythia</span> <span class='ocrx_word' id='word_1_6' title='bbox 738 1179 832 1244; x_wconf 75' lang='lat' dir='ltr'>editis</span> <span class='ocrx_word' id='word_1_7' title='bbox 855 1178 1023 1246; x_wconf 79' lang='lat' dir='ltr'><strong>Plutarchi</strong></span> <span class='ocrx_word' id='word_1_8' title='bbox 1046 1183 1159 1244; x_wconf 78' lang='lat' dir='ltr'>aetate.</span> <span class='ocrx_word' id='word_1_9' title='bbox 1199 1173 1208 1188; x_wconf 78' lang='grc'><strong>”</strong></span> 
     </span>
     <span class='ocr_line' id='line_1_2' title="bbox 290 1298 1131 1371; baseline 0.002 -19"><span class='ocrx_word' id='word_1_10' title='bbox 290 1299 442 1368; x_wconf 75' lang='grc' dir='ltr'><strong><em>(Ρίιιλετολι.</em></strong></span> <span class='ocrx_word' id='word_1_11' title='bbox 457 1298 492 1353; x_wconf 87' lang='grc' dir='ltr'><strong><em>δε</em></strong></span> <span class='ocrx_word' id='word_1_12' title='bbox 506 1299 587 1367; x_wconf 77' lang='lat' dir='ltr'><strong>Pyth.</strong></span> <span class='ocrx_word' id='word_1_13' title='bbox 603 1316 676 1356; x_wconf 76' lang='lat' dir='ltr'><strong>orae.</strong></span> <span class='ocrx_word' id='word_1_14' title='bbox 691 1315 714 1354; x_wconf 80' lang='grc' dir='ltr'><strong><em>ο.</em></strong></span> <span class='ocrx_word' id='word_1_15' title='bbox 726 1305 838 1356; x_wconf 79' lang='lat'>28-30.</span> <span class='ocrx_word' id='word_1_16' title='bbox 858 1301 893 1357; x_wconf 81' lang='lat' dir='ltr'><strong><em>cf.</em></strong></span> <span class='ocrx_word' id='word_1_17' title='bbox 907 1301 976 1358; x_wconf 79' lang='lat' dir='ltr'><strong>fasc.</strong></span> <span class='ocrx_word' id='word_1_18' title='bbox 991 1300 1029 1354; x_wconf 91' lang='lat' dir='ltr'><strong><em>IV</em></strong></span> <span class='ocrx_word' id='word_1_19' title='bbox 1038 1318 1066 1369; x_wconf 86' lang='lat' dir='ltr'><strong><em>p.</em></strong></span> <span class='ocrx_word' id='word_1_20' title='bbox 1076 1303 1131 1371; x_wconf 77' lang='lat'>22.)</span> 
     </span>
    </p>
   </div>
   <div class='ocr_carea' id='block_1_2' title="bbox 207 1438 1259 2373">
    <p class='ocr_par' dir='ltr' id='par_1_2' title="bbox 207 1438 1259 2373">
     <span class='ocr_line' id='line_1_3' title="bbox 279 1438 1245 1529; baseline 0.001 -23"><span class='ocrx_word' id='word_1_21' title='bbox 279 1443 326 1506; x_wconf 83' lang='grc' dir='ltr'><strong><em>Τά</em></strong></span> <span class='ocrx_word' id='word_1_22' title='bbox 354 1453 419 1508; x_wconf 89' lang='grc' dir='ltr'><strong><em>νῦν</em></strong></span> <span class='ocrx_word' id='word_1_23' title='bbox 447 1444 621 1527; x_wconf 89' lang='grc' dir='ltr'><strong><em>πράγματα</em></strong></span> <span class='ocrx_word' id='word_1_24' title='bbox 649 1450 856 1527; x_wconf 77' lang='grc' dir='ltr'><strong><em>καθεστῶτα,</em></strong></span> <span class='ocrx_word' id='word_1_25' title='bbox 887 1442 962 1529; x_wconf 85' lang='grc' dir='ltr'><strong><em>περὶ</em></strong></span> <span class='ocrx_word' id='word_1_26' title='bbox 992 1438 1039 1509; x_wconf 83' lang='grc' dir='ltr'><strong><em>ὧν</em></strong></span> <span class='ocrx_word' id='word_1_27' title='bbox 1070 1443 1245 1527; x_wconf 77' lang='grc' dir='ltr'><strong><em>ἐρωτῶσι]</em></strong></span> 
     </span>
     <span class='ocr_line' id='line_1_4' title="bbox 207 1546 1214 1635; baseline 0.002 -23"><span class='ocrx_word' id='word_1_28' title='bbox 207 1552 379 1632; x_wconf 84' lang='grc' dir='ltr'><strong><em>τὸνθεόν,</em></strong></span> <span class='ocrx_word' id='word_1_29' title='bbox 402 1548 515 1632; x_wconf 80' lang='grc' dir='ltr'><strong><em>ἀγαπῶ</em></strong></span> <span class='ocrx_word' id='word_1_30' title='bbox 534 1546 595 1633; x_wconf 74' lang='grc' dir='ltr'><strong><em>μὲν</em></strong></span> <span class='ocrx_word' id='word_1_31' title='bbox 614 1552 716 1632; x_wconf 82' lang='grc' dir='ltr'><strong><em>ἔγωγε</em></strong></span> <span class='ocrx_word' id='word_1_32' title='bbox 734 1547 787 1614; x_wconf 83' lang='grc' dir='ltr'><strong><em>καλ</em></strong></span> <span class='ocrx_word' id='word_1_33' title='bbox 807 1549 1002 1635; x_wconf 84' lang='grc' dir='ltr'><strong><em>ἀσπάζομαι·</em></strong></span> <span class='ocrx_word' id='word_1_34' title='bbox 1026 1551 1131 1633; x_wconf 76' lang='grc' dir='ltr'><strong><em>πολλὴ</em></strong></span> <span class='ocrx_word' id='word_1_35' title='bbox 1150 1550 1214 1634; x_wconf 84' lang='grc' dir='ltr'><strong><em>γάρ</em></strong></span> 
     </span>
     <span class='ocr_line' id='line_1_5' title="bbox 208 1653 1259 1740; baseline 0 -21"><span class='ocrx_word' id='word_1_36' title='bbox 208 1657 322 1739; x_wconf 79' lang='grc' dir='ltr'><em>εἰρήνη</em></span> <span class='ocrx_word' id='word_1_37' title='bbox 345 1653 399 1720; x_wconf 83' lang='grc' dir='ltr'><strong><em>καὶ</em></strong></span> <span class='ocrx_word' id='word_1_38' title='bbox 421 1655 557 1740; x_wconf 82' lang='grc' dir='ltr'><strong><em>ἡσυχία,</em></strong></span> <span class='ocrx_word' id='word_1_39' title='bbox 586 1654 747 1720; x_wconf 77' lang='grc' dir='ltr'><strong><em>πέπαυται</em></strong></span> <span class='ocrx_word' id='word_1_40' title='bbox 770 1653 807 1720; x_wconf 78' lang='grc' dir='ltr'><strong><em>δέ</em></strong></span> <span class='ocrx_word' id='word_1_41' title='bbox 830 1660 987 1740; x_wconf 87' lang='grc' dir='ltr'><strong><em>πόλεμος,</em></strong></span> <span class='ocrx_word' id='word_1_42' title='bbox 1013 1654 1069 1722; x_wconf 85' lang='grc' dir='ltr'><strong><em>καὶ</em></strong></span> <span class='ocrx_word' id='word_1_43' title='bbox 1091 1656 1213 1721; x_wconf 78' lang='grc' dir='ltr'><strong><em>πλάναι</em></strong></span> <span class='ocrx_word' id='word_1_44' title='bbox 1255 1699 1259 1706; x_wconf 75' lang='lat'><em>,</em></span> 
     </span>
     <span class='ocr_line' id='line_1_6' title="bbox 207 1757 1255 1848; baseline -0.001 -23"><span class='ocrx_word' id='word_1_45' title='bbox 207 1760 263 1825; x_wconf 83' lang='grc' dir='ltr'><strong><em>καὶ</em></strong></span> <span class='ocrx_word' id='word_1_46' title='bbox 286 1759 415 1836; x_wconf 78' lang='grc' dir='ltr'><strong><em>στάσεις</em></strong></span> <span class='ocrx_word' id='word_1_47' title='bbox 436 1759 498 1825; x_wconf 87' lang='grc' dir='ltr'><strong><em>οὐκ</em></strong></span> <span class='ocrx_word' id='word_1_48' title='bbox 520 1758 605 1824; x_wconf 83' lang='grc' dir='ltr'><strong><em>είσλν</em></strong></span> <span class='ocrx_word' id='word_1_49' title='bbox 630 1757 709 1825; x_wconf 75' lang='grc' dir='ltr'><strong><em>οὐδὲ</em></strong></span> <span class='ocrx_word' id='word_1_50' title='bbox 731 1763 927 1845; x_wconf 75' lang='grc' dir='ltr'><strong><em>τυραννίδες</em></strong></span> <span class='ocrx_word' id='word_1_51' title='bbox 949 1758 1029 1826; x_wconf 74' lang='grc' dir='ltr'><strong><em>οὐδὲ</em></strong></span> <span class='ocrx_word' id='word_1_52' title='bbox 1051 1762 1214 1832; x_wconf 82' lang='grc' dir='ltr'><strong><em>άλλανο-</em></strong></span> <span class='ocrx_word' id='word_1_53' title='bbox 1254 1843 1255 1848; x_wconf 12' lang='lat'>¹</span> 
     </span>
     <span class='ocr_line' id='line_1_7' title="bbox 208 1862 1213 1953; baseline 0.001 -23"><span class='ocrx_word' id='word_1_54' title='bbox 208 1868 335 1950; x_wconf 79' lang='grc' dir='ltr'><strong><em>σήματα</em></strong></span> <span class='ocrx_word' id='word_1_55' title='bbox 361 1863 415 1930; x_wconf 82' lang='grc' dir='ltr'><strong><em>καὶ</em></strong></span> <span class='ocrx_word' id='word_1_56' title='bbox 443 1866 527 1930; x_wconf 88' lang='grc' dir='ltr'><strong><em>κακά</em></strong></span> <span class='ocrx_word' id='word_1_57' title='bbox 554 1875 611 1950; x_wconf 79' lang='grc' dir='ltr'><strong><em>τῆς</em></strong></span> <span class='ocrx_word' id='word_1_58' title='bbox 630 1862 786 1942; x_wconf 76' lang='grc' dir='ltr'><em>Ἑλλάδος</em></span> <span class='ocrx_word' id='word_1_59' title='bbox 810 1867 919 1952; x_wconf 82' lang='grc' dir='ltr'><strong><em>ὥσπερ</em></strong></span> <span class='ocrx_word' id='word_1_60' title='bbox 943 1867 1213 1953; x_wconf 88' lang='grc' dir='ltr'><strong><em>πολυφαρμάκων</em></strong></span> 
     </span>
     <span class='ocr_line' id='line_1_8' title="bbox 209 1969 1213 2059; baseline 0 -23"><span class='ocrx_word' id='word_1_61' title='bbox 209 1972 383 2055; x_wconf 79' lang='grc' dir='ltr'><strong><em>δυνάμεων</em></strong></span> <span class='ocrx_word' id='word_1_62' title='bbox 410 1969 571 2059; x_wconf 80' lang='grc' dir='ltr'><strong><em>χρῄζοντα</em></strong></span> <span class='ocrx_word' id='word_1_63' title='bbox 597 1970 653 2037; x_wconf 83' lang='grc' dir='ltr'><strong><em>καὶ</em></strong></span> <span class='ocrx_word' id='word_1_64' title='bbox 680 1985 849 2058; x_wconf 86' lang='grc' dir='ltr'><strong><em>περιττῶν.</em></strong></span> <span class='ocrx_word' id='word_1_65' title='bbox 895 1973 979 2038; x_wconf 81' lang='grc' dir='ltr'><strong><em>ὅπου</em></strong></span> <span class='ocrx_word' id='word_1_66' title='bbox 1003 1969 1040 2038; x_wconf 78' lang='grc' dir='ltr'><strong><em>δέ</em></strong></span> <span class='ocrx_word' id='word_1_67' title='bbox 1062 1975 1213 2038; x_wconf 87' lang='grc' dir='ltr'><strong><em>ποικίλον</em></strong></span> 
     </span>
     <span class='ocr_line' id='line_1_9' title="bbox 208 2073 1214 2164; baseline -0.001 -22"><span class='ocrx_word' id='word_1_68' title='bbox 208 2073 308 2142; x_wconf 78' lang='grc' dir='ltr'><strong><em>οὐδὲν</em></strong></span> <span class='ocrx_word' id='word_1_69' title='bbox 331 2075 402 2142; x_wconf 88' lang='grc' dir='ltr'><strong><em>οὐδ’</em></strong></span> <span class='ocrx_word' id='word_1_70' title='bbox 426 2077 613 2162; x_wconf 80' lang='grc' dir='ltr'><strong><em>ἀπόρρητον</em></strong></span> <span class='ocrx_word' id='word_1_71' title='bbox 637 2074 717 2143; x_wconf 72' lang='grc' dir='ltr'><strong><em>οὐδὲ</em></strong></span> <span class='ocrx_word' id='word_1_72' title='bbox 739 2080 864 2160; x_wconf 87' lang='grc' dir='ltr'><strong><em>δεινόν,</em></strong></span> <span class='ocrx_word' id='word_1_73' title='bbox 887 2075 958 2144; x_wconf 77' lang='grc' dir='ltr'><strong><em>ἀλλ’</em></strong></span> <span class='ocrx_word' id='word_1_74' title='bbox 977 2076 1029 2144; x_wconf 84' lang='grc' dir='ltr'><strong><em>έπλ</em></strong></span> <span class='ocrx_word' id='word_1_75' title='bbox 1047 2076 1214 2164; x_wconf 77' lang='grc' dir='ltr'><strong><em>πράγμασι</em></strong></span> 
     </span>
     <span class='ocr_line' id='line_1_10' title="bbox 208 2175 1213 2268; baseline 0.001 -22"><span class='ocrx_word' id='word_1_76' title='bbox 208 2193 336 2266; x_wconf 82' lang='grc' dir='ltr'><strong><em>μικροῖς</em></strong></span> <span class='ocrx_word' id='word_1_77' title='bbox 358 2181 412 2247; x_wconf 84' lang='grc' dir='ltr'><strong><em>καὶ</em></strong></span> <span class='ocrx_word' id='word_1_78' title='bbox 435 2185 625 2267; x_wconf 73' lang='grc' dir='ltr'><strong><em>δημοτικοῖς</em></strong></span> <span class='ocrx_word' id='word_1_79' title='bbox 648 2183 831 2268; x_wconf 74' lang='grc' dir='ltr'><strong><em>ἐρωτήσεις,</em></strong></span> <span class='ocrx_word' id='word_1_80' title='bbox 854 2175 927 2249; x_wconf 85' lang='grc' dir='ltr'><strong><em>οἷον</em></strong></span> <span class='ocrx_word' id='word_1_81' title='bbox 951 2183 987 2250; x_wconf 89' lang='grc' dir='ltr'><strong><em>έν</em></strong></span> <span class='ocrx_word' id='word_1_82' title='bbox 1011 2188 1111 2268; x_wconf 77' lang='grc' dir='ltr'><strong><em>σχολῇ</em></strong></span> <span class='ocrx_word' id='word_1_83' title='bbox 1134 2203 1213 2268; x_wconf 89' lang='grc' dir='ltr'><strong><em>προ-</em></strong></span> 
     </span>
     <span class='ocr_line' id='line_1_11' title="bbox 207 2286 1213 2373; baseline 0.001 -22"><span class='ocrx_word' id='word_1_84' title='bbox 207 2288 331 2367; x_wconf 85' lang='grc' dir='ltr'><strong><em>τάσεις,</em></strong></span> <span class='ocrx_word' id='word_1_85' title='bbox 357 2291 389 2353; x_wconf 88' lang='grc' dir='ltr'><strong><em>εί</em></strong></span> <span class='ocrx_word' id='word_1_86' title='bbox 409 2288 589 2373; x_wconf 77' lang='grc' dir='ltr'><strong><em>γαμητέον,</em></strong></span> <span class='ocrx_word' id='word_1_87' title='bbox 617 2291 648 2353; x_wconf 87' lang='grc' dir='ltr'><strong><em>εί</em></strong></span> <span class='ocrx_word' id='word_1_88' title='bbox 668 2286 864 2372; x_wconf 78' lang='grc' dir='ltr'><strong><em>πλευστέον,</em></strong></span> <span class='ocrx_word' id='word_1_89' title='bbox 891 2291 924 2354; x_wconf 89' lang='grc' dir='ltr'><strong><em>εί</em></strong></span> <span class='ocrx_word' id='word_1_90' title='bbox 945 2287 1151 2370; x_wconf 86' lang='grc' dir='ltr'><strong><em>δανειστέον,</em></strong></span> <span class='ocrx_word' id='word_1_91' title='bbox 1172 2290 1213 2354; x_wconf 83' lang='grc' dir='ltr'><strong><em>τά</em></strong></span> 
     </span>
    </p>
   </div>
   <div class='ocr_carea' id='block_1_3' title="bbox 208 2389 1423 2480">
    <p class='ocr_par' dir='ltr' id='par_1_3' title="bbox 208 2389 1423 2480">
     <span class='ocr_line' id='line_1_12' title="bbox 208 2389 1423 2480; baseline 0.002 -24"><span class='ocrx_word' id='word_1_92' title='bbox 208 2389 246 2457; x_wconf 71' lang='grc' dir='ltr'><strong><em>δέ</em></strong></span> <span class='ocrx_word' id='word_1_93' title='bbox 273 2391 408 2477; x_wconf 88' lang='grc' dir='ltr'><strong><em>μέγιστα</em></strong></span> <span class='ocrx_word' id='word_1_94' title='bbox 434 2398 564 2459; x_wconf 87' lang='grc' dir='ltr'><strong><em>πόλεων</em></strong></span> <span class='ocrx_word' id='word_1_95' title='bbox 591 2396 815 2478; x_wconf 86' lang='grc' dir='ltr'><strong><em>μαντεύματα,</em></strong></span> <span class='ocrx_word' id='word_1_96' title='bbox 843 2403 950 2480; x_wconf 86' lang='grc' dir='ltr'><strong><em>φορᾶς</em></strong></span> <span class='ocrx_word' id='word_1_97' title='bbox 976 2404 1111 2477; x_wconf 83' lang='grc' dir='ltr'><strong><em>καρπῶν</em></strong></span> <span class='ocrx_word' id='word_1_98' title='bbox 1138 2393 1213 2478; x_wconf 88' lang='grc' dir='ltr'><strong><em>πέρι</em></strong></span> <span class='ocrx_word' id='word_1_99' title='bbox 1347 2476 1349 2479; x_wconf 16' lang='lat'>¹</span> <span class='ocrx_word' id='word_1_100' title='bbox 1416 2462 1423 2475; x_wconf 69' lang='grc'><strong><em>,</em></strong></span> 
     </span>
    </p>
   </div>
   <div class='ocr_carea' id='block_1_4' title="bbox 207 2497 1248 3533">
    <p class='ocr_par' dir='ltr' id='par_1_4' title="bbox 207 2497 1248 3426">
     <span class='ocr_line' id='line_1_13' title="bbox 207 2497 1213 2586; baseline 0.001 -23"><span class='ocrx_word' id='word_1_101' title='bbox 207 2497 262 2563; x_wconf 84' lang='grc' dir='ltr'><strong><em>καὶ</em></strong></span> <span class='ocrx_word' id='word_1_102' title='bbox 295 2503 403 2582; x_wconf 84' lang='grc' dir='ltr'><strong><em>βοτῶν</em></strong></span> <span class='ocrx_word' id='word_1_103' title='bbox 436 2499 590 2583; x_wconf 78' lang='grc' dir='ltr'><strong><em>ἐπιγονῆς</em></strong></span> <span class='ocrx_word' id='word_1_104' title='bbox 621 2499 675 2564; x_wconf 84' lang='grc' dir='ltr'><strong><em>καὶ</em></strong></span> <span class='ocrx_word' id='word_1_105' title='bbox 707 2500 869 2583; x_wconf 88' lang='grc' dir='ltr'><strong><em>σωμάτων</em></strong></span> <span class='ocrx_word' id='word_1_106' title='bbox 899 2499 1035 2586; x_wconf 82' lang='grc' dir='ltr'><strong><em>ὑγιείας,</em></strong></span> <span class='ocrx_word' id='word_1_107' title='bbox 1066 2499 1213 2565; x_wconf 75' lang='grc' dir='ltr'><strong><em>ἐνταῦθα</em></strong></span> 
     </span>
     <span class='ocr_line' id='line_1_14' title="bbox 207 2603 1212 2690; baseline 0.002 -22"><span class='ocrx_word' id='word_1_108' title='bbox 207 2605 418 2688; x_wconf 85' lang='grc' dir='ltr'><strong><em>περιβάλλειν</em></strong></span> <span class='ocrx_word' id='word_1_109' title='bbox 440 2604 542 2689; x_wconf 86' lang='grc' dir='ltr'><strong><em>μέτρα</em></strong></span> <span class='ocrx_word' id='word_1_110' title='bbox 559 2603 615 2669; x_wconf 82' lang='grc' dir='ltr'><strong><em>καὶ</em></strong></span> <span class='ocrx_word' id='word_1_111' title='bbox 633 2607 787 2670; x_wconf 87' lang='grc' dir='ltr'><strong><em>πλάττειν</em></strong></span> <span class='ocrx_word' id='word_1_112' title='bbox 805 2607 1018 2690; x_wconf 85' lang='grc' dir='ltr'><strong><em>περιφράσεις</em></strong></span> <span class='ocrx_word' id='word_1_113' title='bbox 1035 2603 1090 2670; x_wconf 80' lang='grc' dir='ltr'><strong><em>καὶ</em></strong></span> <span class='ocrx_word' id='word_1_114' title='bbox 1108 2607 1212 2687; x_wconf 84' lang='grc' dir='ltr'><strong><em>γλώσ-</em></strong></span> 
     </span>
     <span class='ocr_line' id='line_1_15' title="bbox 208 2708 1214 2794; baseline -0.001 -20"><span class='ocrx_word' id='word_1_115' title='bbox 208 2726 267 2785; x_wconf 88' lang='grc' dir='ltr'><strong><em>σας</em></strong></span> <span class='ocrx_word' id='word_1_116' title='bbox 294 2710 426 2792; x_wconf 80' lang='grc' dir='ltr'><strong><em>ἐπάγειν</em></strong></span> <span class='ocrx_word' id='word_1_117' title='bbox 452 2711 622 2794; x_wconf 91' lang='grc' dir='ltr'><strong><em>πύσμασιν</em></strong></span> <span class='ocrx_word' id='word_1_118' title='bbox 650 2708 753 2792; x_wconf 82' lang='grc' dir='ltr'><strong><em>ἁπλῆς</em></strong></span> <span class='ocrx_word' id='word_1_119' title='bbox 776 2709 830 2774; x_wconf 82' lang='grc' dir='ltr'><strong><em>καλ</em></strong></span> <span class='ocrx_word' id='word_1_120' title='bbox 854 2713 1021 2794; x_wconf 89' lang='grc' dir='ltr'><strong><em>συντόμου</em></strong></span> <span class='ocrx_word' id='word_1_121' title='bbox 1045 2708 1214 2793; x_wconf 81' lang='grc' dir='ltr'><strong><em>δεομένοις</em></strong></span> 
     </span>
     <span class='ocr_line' id='line_1_16' title="bbox 208 2812 1214 2900; baseline 0.001 -21"><span class='ocrx_word' id='word_1_122' title='bbox 208 2813 409 2897; x_wconf 83' lang='grc' dir='ltr'><strong><em>άποκρίσεως</em></strong></span> <span class='ocrx_word' id='word_1_123' title='bbox 438 2817 537 2898; x_wconf 80' lang='grc' dir='ltr'><strong><em>ἔργον</em></strong></span> <span class='ocrx_word' id='word_1_124' title='bbox 565 2812 633 2880; x_wconf 78' lang='grc' dir='ltr'><strong><em>ἐστὶ</em></strong></span> <span class='ocrx_word' id='word_1_125' title='bbox 661 2819 839 2899; x_wconf 88' lang='grc' dir='ltr'><strong><em>φιλοτίμου</em></strong></span> <span class='ocrx_word' id='word_1_126' title='bbox 865 2825 1025 2900; x_wconf 83' lang='grc' dir='ltr'><strong><em>σοφιστοῦ</em></strong></span> <span class='ocrx_word' id='word_1_127' title='bbox 1052 2819 1214 2880; x_wconf 89' lang='grc' dir='ltr'><strong><em>καλλωπί-</em></strong></span> 
     </span>
     <span class='ocr_line' id='line_1_17' title="bbox 209 2917 1209 3007; baseline -0.002 -21"><span class='ocrx_word' id='word_1_128' title='bbox 209 2923 320 2998; x_wconf 82' lang='grc' dir='ltr'><strong><em>ζοντος</em></strong></span> <span class='ocrx_word' id='word_1_129' title='bbox 349 2918 401 2986; x_wconf 82' lang='grc' dir='ltr'><strong><em>ἐπὶ</em></strong></span> <span class='ocrx_word' id='word_1_130' title='bbox 431 2919 511 3007; x_wconf 81' lang='grc' dir='ltr'><strong><em>δόξη</em></strong></span> <span class='ocrx_word' id='word_1_131' title='bbox 541 2923 748 3006; x_wconf 73' lang='grc' dir='ltr'><strong><em>χρηστήριον.</em></strong></span> <span class='ocrx_word' id='word_1_132' title='bbox 793 2921 813 3004; x_wconf 79' lang='grc' dir='ltr'><strong><em>η</em></strong></span> <span class='ocrx_word' id='word_1_133' title='bbox 842 2917 881 2993; x_wconf 75' lang='grc' dir='ltr'><strong><em>δέ,</em></strong></span> <span class='ocrx_word' id='word_1_134' title='bbox 907 2923 1024 2985; x_wconf 73' lang='grc' dir='ltr'><strong><em>Πυθία</em></strong></span> <span class='ocrx_word' id='word_1_135' title='bbox 1051 2918 1105 2985; x_wconf 79' lang='grc' dir='ltr'><strong><em>καὶ</em></strong></span> <span class='ocrx_word' id='word_1_136' title='bbox 1133 2919 1209 3000; x_wconf 76' lang='grc' dir='ltr'><strong><em>καθ’</em></strong></span> 
     </span>
     <span class='ocr_line' id='line_1_18' title="bbox 208 3021 1214 3112; baseline 0.001 -24"><span class='ocrx_word' id='word_1_137' title='bbox 208 3026 312 3110; x_wconf 79' lang='grc' dir='ltr'><strong><em>αὑτὴν</em></strong></span> <span class='ocrx_word' id='word_1_138' title='bbox 335 3023 395 3109; x_wconf 94' lang='grc' dir='ltr'><strong><em>μέν</em></strong></span> <span class='ocrx_word' id='word_1_139' title='bbox 419 3025 486 3092; x_wconf 82' lang='grc' dir='ltr'><strong><em>ἐστι</em></strong></span> <span class='ocrx_word' id='word_1_140' title='bbox 509 3030 646 3108; x_wconf 89' lang='grc' dir='ltr'><strong><em>γενναία</em></strong></span> <span class='ocrx_word' id='word_1_141' title='bbox 665 3027 702 3091; x_wconf 88' lang='grc' dir='ltr'><strong><em>τὸ</em></strong></span> <span class='ocrx_word' id='word_1_142' title='bbox 721 3021 826 3108; x_wconf 77' lang='grc' dir='ltr'><strong><em>ἦδος,</em></strong></span> <span class='ocrx_word' id='word_1_143' title='bbox 838 3027 918 3091; x_wconf 82' lang='grc' dir='ltr'><strong><em>ὅταν</em></strong></span> <span class='ocrx_word' id='word_1_144' title='bbox 937 3023 967 3091; x_wconf 93' lang='grc' dir='ltr'><strong><em>δ’</em></strong></span> <span class='ocrx_word' id='word_1_145' title='bbox 986 3025 1055 3090; x_wconf 78' lang='grc' dir='ltr'><strong><em>ἐκεῖ</em></strong></span> <span class='ocrx_word' id='word_1_146' title='bbox 1070 3024 1214 3112; x_wconf 80' lang='grc' dir='ltr'><strong><em>κατέλθη</em></strong></span> 
     </span>
     <span class='ocr_line' id='line_1_19' title="bbox 207 3127 1214 3218; baseline 0.002 -24"><span class='ocrx_word' id='word_1_147' title='bbox 207 3127 262 3195; x_wconf 83' lang='grc' dir='ltr'><strong><em>καλ</em></strong></span> <span class='ocrx_word' id='word_1_148' title='bbox 280 3129 413 3214; x_wconf 87' lang='grc' dir='ltr'><strong><em>γένηται</em></strong></span> <span class='ocrx_word' id='word_1_149' title='bbox 431 3131 519 3216; x_wconf 86' lang='grc' dir='ltr'><strong><em>παρά</em></strong></span> <span class='ocrx_word' id='word_1_150' title='bbox 536 3139 582 3218; x_wconf 75' lang='grc' dir='ltr'><strong><em>τῷ</em></strong></span> <span class='ocrx_word' id='word_1_151' title='bbox 600 3137 685 3218; x_wconf 73' lang='grc' dir='ltr'><strong><em>θεῷ,</em></strong></span> <span class='ocrx_word' id='word_1_152' title='bbox 702 3129 803 3196; x_wconf 85' lang='grc' dir='ltr'><strong><em>πλέον</em></strong></span> <span class='ocrx_word' id='word_1_153' title='bbox 823 3130 981 3213; x_wconf 75' lang='grc' dir='ltr'><strong><em>ἀληθείας</em></strong></span> <span class='ocrx_word' id='word_1_154' title='bbox 998 3131 1106 3218; x_wconf 79' lang='grc' dir='ltr'><strong><em>ἐκείνη</em></strong></span> <span class='ocrx_word' id='word_1_155' title='bbox 1125 3129 1214 3215; x_wconf 88' lang='grc' dir='ltr'><strong><em>μέλει</em></strong></span> 
     </span>
     <span class='ocr_line' id='line_1_20' title="bbox 207 3234 1133 3321; baseline 0.001 -21"><span class='ocrx_word' id='word_1_156' title='bbox 207 3234 228 3318; x_wconf 79' lang='grc' dir='ltr'><em>ἢ</em></span> <span class='ocrx_word' id='word_1_157' title='bbox 251 3235 348 3319; x_wconf 86' lang='grc' dir='ltr'><strong><em>δόξης</em></strong></span> <span class='ocrx_word' id='word_1_158' title='bbox 370 3234 424 3301; x_wconf 82' lang='grc' dir='ltr'><strong><em>καὶ</em></strong></span> <span class='ocrx_word' id='word_1_159' title='bbox 448 3235 637 3321; x_wconf 79' lang='grc' dir='ltr'><strong><em>ἀνθρώπων</em></strong></span> <span class='ocrx_word' id='word_1_160' title='bbox 661 3235 887 3301; x_wconf 75' lang='grc' dir='ltr'><strong><em>ἐπαινούντων</em></strong></span> <span class='ocrx_word' id='word_1_161' title='bbox 910 3236 931 3320; x_wconf 76' lang='grc' dir='ltr'><strong><em>ἢ</em></strong></span> <span class='ocrx_word' id='word_1_162' title='bbox 953 3239 1133 3319; x_wconf 73' lang='grc' dir='ltr'><strong><em>ψεγόντων.</em></strong></span> 
     </span>
     <span class='ocr_line' id='line_1_21' title="bbox 266 3337 1248 3426; baseline -0.001 -20"><span class='ocrx_word' id='word_1_163' title='bbox 266 3339 355 3406; x_wconf 83' lang='grc' dir='ltr'><strong><em>Ἔδει</em></strong></span> <span class='ocrx_word' id='word_1_164' title='bbox 379 3337 416 3406; x_wconf 71' lang='grc' dir='ltr'><strong><em>δὲ</em></strong></span> <span class='ocrx_word' id='word_1_165' title='bbox 440 3348 518 3419; x_wconf 75' lang='grc' dir='ltr'><strong><em>ἴσως</em></strong></span> <span class='ocrx_word' id='word_1_166' title='bbox 539 3340 594 3407; x_wconf 81' lang='grc' dir='ltr'><strong><em>καὶ</em></strong></span> <span class='ocrx_word' id='word_1_167' title='bbox 618 3341 703 3426; x_wconf 81' lang='grc' dir='ltr'><strong><em>ἡμᾶς</em></strong></span> <span class='ocrx_word' id='word_1_168' title='bbox 720 3344 807 3426; x_wconf 80' lang='grc' dir='ltr'><strong><em>ἔχειν</em></strong></span> <span class='ocrx_word' id='word_1_169' title='bbox 826 3341 942 3418; x_wconf 77' lang='grc' dir='ltr'><strong><em>οὕτως·</em></strong></span> <span class='ocrx_word' id='word_1_170' title='bbox 966 3352 1030 3408; x_wconf 84' lang='grc' dir='ltr'><strong><em>νῦν</em></strong></span> <span class='ocrx_word' id='word_1_171' title='bbox 1049 3338 1086 3406; x_wconf 72' lang='grc' dir='ltr'><strong><em>δὲ</em></strong></span> <span class='ocrx_word' id='word_1_172' title='bbox 1104 3343 1248 3422; x_wconf 81' lang='grc' dir='ltr'><strong><em>ῶσπερε</em></strong></span> 
     </span>
    </p>

    <p class='ocr_par' dir='ltr' id='par_1_5' title="bbox 207 3445 1214 3533">
     <span class='ocr_line' id='line_1_22' title="bbox 207 3445 1214 3533; baseline 0.001 -22"><span class='ocrx_word' id='word_1_173' title='bbox 207 3445 414 3530; x_wconf 84' lang='grc' dir='ltr'><strong><em>ἀγωνιῶντες</em></strong></span> <span class='ocrx_word' id='word_1_174' title='bbox 436 3445 489 3512; x_wconf 76' lang='grc' dir='ltr'><strong><em>καὶ</em></strong></span> <span class='ocrx_word' id='word_1_175' title='bbox 512 3449 669 3528; x_wconf 88' lang='grc' dir='ltr'><strong><em>δεδιότες,</em></strong></span> <span class='ocrx_word' id='word_1_176' title='bbox 692 3449 736 3531; x_wconf 79' lang='grc' dir='ltr'><strong><em>μη</em></strong></span> <span class='ocrx_word' id='word_1_177' title='bbox 754 3451 945 3533; x_wconf 89' lang='grc' dir='ltr'><strong><em>τρισχιλίων</em></strong></span> <span class='ocrx_word' id='word_1_178' title='bbox 964 3446 1045 3512; x_wconf 80' lang='grc' dir='ltr'><strong><em>ἐτῶν</em></strong></span> <span class='ocrx_word' id='word_1_179' title='bbox 1064 3447 1214 3532; x_wconf 81' lang='grc' dir='ltr'><strong><em>άποβάλη</em></strong></span> 
     </span>
    </p>
   </div>
   <div class='ocr_carea' id='block_1_5' title="bbox 208 3551 1214 3706">
    <p class='ocr_par' dir='ltr' id='par_1_6' title="bbox 208 3551 1214 3706">
     <span class='ocr_line' id='line_1_23' title="bbox 208 3551 1214 3637; baseline -0.001 -20"><span class='ocrx_word' id='word_1_180' title='bbox 208 3552 309 3630; x_wconf 82' lang='grc' dir='ltr'><strong><em>δόξαν</em></strong></span> <span class='ocrx_word' id='word_1_181' title='bbox 331 3553 350 3618; x_wconf 85' lang='grc' dir='ltr'><strong><em>δ</em></strong></span> <span class='ocrx_word' id='word_1_182' title='bbox 373 3556 472 3630; x_wconf 83' lang='grc' dir='ltr'><strong><em>τόπος</em></strong></span> <span class='ocrx_word' id='word_1_183' title='bbox 493 3551 547 3618; x_wconf 83' lang='grc' dir='ltr'><strong><em>καλ</em></strong></span> <span class='ocrx_word' id='word_1_184' title='bbox 570 3563 632 3617; x_wconf 87' lang='grc' dir='ltr'><strong><em>τοῦ</em></strong></span> <span class='ocrx_word' id='word_1_185' title='bbox 655 3557 856 3637; x_wconf 89' lang='grc' dir='ltr'><strong><em>χρηστηρίου</em></strong></span> <span class='ocrx_word' id='word_1_186' title='bbox 879 3553 1029 3636; x_wconf 76' lang='grc' dir='ltr'><strong><em>καθάπερ</em></strong></span> <span class='ocrx_word' id='word_1_187' title='bbox 1053 3563 1214 3637; x_wconf 82' lang='grc' dir='ltr'><strong><em>σοφιστοῦ</em></strong></span> 
     </span>
     <span class='ocr_line' id='line_1_24' title="bbox 1020 3653 1056 3706; baseline 0 -19"><span class='ocrx_word' id='word_1_188' title='bbox 1020 3659 1032 3706; x_wconf 81' lang='lat'><em>1</em></span> <span class='ocrx_word' id='word_1_189' title='bbox 1040 3653 1056 3687; x_wconf 60' lang='grc' dir='ltr'><strong>Ψ</strong></span> 
     </span>
    </p>
   </div>
   <div class='ocr_carea' id='block_1_6' title="bbox 0 0 1566 3962">
    <p class='ocr_par' dir='ltr' id='par_1_7' title="bbox 0 0 1566 3962">
     <span class='ocr_line' id='line_1_25' title="bbox 0 0 1566 3962; baseline 0 0"><span class='ocrx_word' id='word_1_190' title='bbox 0 0 1566 3962; x_wconf 95' lang='lat' dir='ltr'><strong><em> </em></strong></span> 
     </span>
    </p>
   </div>
  </div>
 </body>
</html>
