3118 3962
758 226 805 275 IX.
824 224 984 276 ΠΛΑΤΩΝ.

319 395 348 443 11
369 378 424 444 καλ
446 380 564 468 ἀτοπίᾳ
583 385 810 466 τερατολόγων
828 393 929 447 τινῶν
948 383 1096 467 φύσεων·
1120 373 1172 459 αἷς
1190 390 1224 448 εί
1237 406 1288 460 τις
1306 383 1374 447 άπι-
1418 415 1419 420 1

369 497 456 551 στῶν
485 491 650 572 προσβιβᾷ
680 489 760 552 κατά
788 489 825 554 τὸ
853 490 940 564 είκὸς
966 487 1120 569 ἕκαστον,
1149 489 1204 553 ἀτε
1233 488 1374 576 ἀγροίκῳ

369 589 434 656 τινλ
453 596 555 678 σοφία
574 595 753 678 χρώμενος,
770 598 893 676 πολλῆς
911 594 999 681 αὐτῷ
1020 599 1139 678 σχολῆς
1156 595 1274 677 δεύσω.
1306 592 1374 677 ἐμοὶ
1419 645 1420 658 ,

369 693 406 761 δὲ
433 699 516 783 πρὸς
543 698 625 762 αύτά
654 699 806 783 οὐδαμῶς
834 698 901 763 ἐστι
930 703 1044 785 σχολή·
1077 703 1114 765 τὸ
1140 695 1177 764 δέ
1200 706 1325 783 αίτιον,
1352 695 1375 762 ὦ

368 806 456 887 φίλε,
478 805 599 870 τούτου
622 805 712 869 τόδε·
737 804 778 870 οὐ
802 805 949 888 δύναμαί
968 827 1020 871 πω
1043 806 1124 870 κατά
1146 807 1183 871 τὸ
1207 808 1376 890 Δελφικὸν
1420 885 1421 894 ¹

368 909 500 993 γράμμα
531 921 656 992 γνῶναι
689 908 847 994 ἐμαυτόν·
887 916 1019 993 γελοῖον
1051 912 1092 994 δή
1125 934 1181 994 μοι
1212 915 1375 995 φαίνεται,

367 1025 464 1080 τοῦτο
493 1017 540 1079 ἔτι
567 1014 754 1098 ἀγνοοῦντα
782 1016 822 1080 τά
849 1014 1006 1100 ἀλλότρια
1034 1028 1177 1081 σκοπεῖν.
1223 1017 1308 1080 ὅθεν
1335 1018 1374 1100 δὴ

367 1124 494 1205 χαίρειν
527 1121 623 1198 ἐάσας
655 1130 773 1204 ταῦτα,
804 1125 1003 1206 πειθόμενος
1032 1119 1069 1188 δὲ
1099 1131 1144 1210 τῷ
1172 1119 1374 1210 νομιζομένῳ
1421 1151 1422 1158 “

367 1223 442 1309 περλ
465 1226 589 1310 αὐτῶν,
617 1226 722 1293 δνύν
746 1227 787 1311 δὴ
812 1229 943 1311 ἔλεγον,
969 1239 1079 1294 σκοπῶ
1103 1228 1145 1294 οὐ
1166 1237 1268 1293 ταῦτα
1293 1225 1374 1291 ἀλλά

368 1333 525 1417 ἐμαυτόν,
552 1339 616 1398 είτε
644 1357 675 1397 τι
702 1336 825 1418 θηρίον
848 1334 999 1419 τυγχάνω
1028 1337 1187 1418 Τυφῶνος
1208 1337 1372 1399 πολυπλο-

366 1441 511 1524 κώτερον
538 1436 592 1504 καλ
620 1443 747 1523 μᾶλλον
770 1427 1050 1524 ἐπιτεθυμμένον,
1080 1447 1143 1504 εἴτε
1166 1437 1372 1523 ἡμερώτερόν

367 1567 401 1608 τε
424 1542 479 1608 καλ
497 1543 723 1628 ἁπλούστερον
743 1548 838 1630 ζῷον,
860 1549 957 1622 θείας
974 1547 1064 1622 τινὸς
1081 1543 1136 1609 καὶ
1154 1543 1284 1629 ἀτύφου
1303 1550 1369 1629 μοί-

317 1665 349 1712 12
368 1674 427 1735 ρας
451 1651 549 1736 φύσει
572 1649 717 1735 μετέχον.
763 1651 859 1736 ἀτάρ,
888 1646 913 1715 ὦ
938 1648 1060 1735 ἑταῖρε,
1088 1649 1206 1734 μεταξύ
1229 1663 1297 1716 τῶν
1320 1655 1370 1716 λό-

366 1780 447 1840 γων,
471 1750 521 1842 ἀρ’
545 1756 586 1821 ού
609 1758 684 1821 τόδε
707 1751 750 1840 ἧν
772 1757 809 1821 τὸ
833 1754 988 1840 δένδρον,
1011 1754 1061 1842 ἐφ’
1081 1756 1160 1840 ὅπερ
1179 1751 1256 1840 ἦγες
1273 1755 1371 1839 ἡμᾶς;

432 1861 520 1927 ΦΑΙ.
559 1865 664 1927 Τοῦτο
687 1857 748 1944 μὲν
773 1855 835 1926 οὖν
858 1861 948 1928 αὐτό.

435 1967 503 2033 ΣΩ.
535 1967 590 2051 Νὴ
618 1967 679 2050 τὴν
697 1964 823 2050 Ἥραν,
850 1969 932 2051 καλή
961 1989 997 2050 γε
1025 1966 1248 2051 ἡκαταγωγή.
1294 1968 1371 2051 ἥτε

366 2075 429 2157 γάρ
452 2075 614 2151 πλάτανος
637 2074 718 2156 αύτη
738 2070 812 2158 μάλ’
831 2071 1023 2158 ἀμφιλαφής
1040 2096 1074 2138 τε
1092 2071 1147 2138 καλ
1165 2073 1287 2157 ὑψηλή,
1312 2085 1372 2139 τοῦ

366 2203 400 2245 τε
428 2181 532 2262 ἀγνου
559 2182 599 2245 τὸ
623 2180 708 2256 ὕψος
735 2176 790 2244 καλ
817 2180 854 2244 τὸ
881 2180 1018 2244 σύσκιον
1040 2179 1224 2262 πάγκαλον,
1251 2177 1307 2244 καὶ
1331 2181 1372 2256 ὡς
1425 2193 1426 2202 ’

366 2284 474 2370 ἀκμὴν
497 2289 563 2370 ἔχει
581 2294 637 2370 τῆς
656 2285 774 2368 ἀνθης,
796 2284 841 2360 ὡς
859 2283 900 2349 ἀν
919 2282 1142 2350 εὐωδέστατον
1160 2283 1296 2369 παρέχοι
1315 2289 1373 2351 τὸν
1425 2323 1426 2334 ³

365 2395 481 2457 τόπον·
513 2392 534 2475 ἥ
562 2415 595 2456 τε
625 2386 667 2455 αὖ
694 2392 781 2474 πηγὴ
809 2390 1001 2476 χαριεστάτη
1029 2390 1094 2455 ὑπὸ
1121 2398 1178 2472 τῆς
1203 2391 1373 2456 πλατάνου

366 2497 420 2582 ῥεί
444 2497 530 2581 μάλα
557 2505 688 2581 ψυχροῦ
715 2495 852 2578 ὕδατος,
879 2496 962 2560 ὥστε
985 2518 1022 2578 γε
1045 2504 1090 2582 τῷ
1112 2492 1192 2560 ποδὶ
1213 2499 1373 2579 τεκμήρα-

367 2609 460 2667 σθαι·
488 2607 642 2687 Νυμφῶν
664 2600 703 2667 τέ
722 2626 824 2666 τινων
846 2600 901 2666 καὶ
920 2598 1082 2688 Ἀχελῴου
1106 2601 1196 2685 ίερὸν
1219 2599 1282 2665 ἀπὸ
1307 2613 1374 2667 τῶν

317 2725 347 2772 13
366 2718 474 2791 κορῶν
492 2730 526 2772 τε
544 2705 599 2773 καλ
618 2705 816 2791 ἀγαλμάτων
836 2709 942 2772 ἔοικεν
960 2703 1055 2772 εἶναι.
1087 2708 1119 2771 εί
1136 2702 1166 2771 δ’
1185 2701 1227 2771 αὖ
1245 2708 1374 2790 βούλει,

365 2816 402 2880 τὸ
425 2814 572 2879 εὔπνουν
594 2824 654 2880 τοῦ
676 2817 778 2879 τόπου
802 2814 847 2890 ὡς
869 2812 1037 2898 ἀγαπητὸν
1060 2810 1114 2877 καὶ
1137 2813 1267 2896 σφόδρα
1288 2811 1373 2894 ἡδύ·

365 2921 503 3005 θερινόν
525 2941 559 2984 τε
582 2917 637 2984 καὶ
660 2921 798 3003 λιγυρὸν
816 2919 936 3004 ύπηχεί
952 2927 996 3005 τῷ
1016 2928 1082 2982 τῶν
1101 2920 1254 3000 τεττίγων
1273 2927 1373 3004 χορῷ.

364 3025 497 3091 πάντων
529 3021 566 3090 δὲ
597 3027 805 3108 κομψότατον
837 3026 874 3090 τὸ
906 3033 963 3108 τῆς
994 3027 1091 3106 πόας,
1123 3023 1174 3088 ὅτι
1202 3021 1238 3088 ἐν
1266 3021 1374 3108 ἡρέμα

364 3132 540 3216 προσάντει
558 3129 653 3212 ίιιανὴ
671 3126 795 3213 πέφυκε
814 3127 1041 3194 κατακλινέντι
1055 3129 1115 3212 τὴν
1130 3128 1276 3212 κεφαλὴν
1289 3149 1374 3210 παγ-

364 3238 470 3313 κάλως
501 3238 596 3321 ἔχειν.
649 3235 730 3299 ὥστε
763 3234 881 3320 ἀριστά
913 3251 965 3300 σοι
999 3233 1203 3318 έξενάγηται,
1235 3227 1261 3295 ὦ
1294 3237 1373 3316 φίλε

332 3376 335 3383 ·
366 3343 499 3426 Φαῖδρε.

430 3447 517 3511 ΦΑΙ.
546 3450 598 3512 Σύ
621 3447 660 3511 δέ
680 3471 729 3530 γε,
752 3443 777 3511 ὦ
800 3445 979 3530 θαυμάσιε,
1002 3445 1206 3520 ἀτοπωτατός
1225 3467 1274 3520 τις
1291 3447 1371 3528 φαί-

365 3575 425 3617 νει.
461 3551 601 3635 ἀτεχνῶς
624 3552 698 3636 γάρ,
720 3551 738 3616 ὃ
763 3550 878 3635 λέγεις,
901 3549 1130 3639 ξεναγονμένφ
1148 3547 1214 3614 τινὶ
1232 3547 1290 3613 καὶ
1308 3549 1373 3614 οὐκ
