3118 3962
312 171 355 232 56
587 173 633 220 ιιι.
656 169 743 222 man
762 169 1044 222 xmozToMoz.

264 346 295 394 14
314 329 487 413 μεγάλους,
506 329 585 393 ὅταν
603 329 639 393 οί
654 331 826 412 παριόντες
845 328 943 394 ἐῶσιν
962 329 1090 405 αὐτούς.
1112 329 1217 394 ταῦτά
1230 327 1324 393 ἐστιν
1401 366 1409 477 ἱ

312 434 404 519 ήμίν·
438 436 469 498 εί
497 429 559 499 οὖν
589 432 643 498 καὶ
673 435 778 498 πάντα
807 432 937 517 θέλετε,
966 433 1057 519 ἡμεῖς
1085 431 1214 511 ἑκόντες
1240 435 1325 518 ὑμῖν

312 543 524 625 χαριζόμεθα,
546 538 601 604 καὶ
619 535 719 605 οὐδὲν
737 539 822 624 ὑμᾶς
840 539 1055 623 ἀφαιρεῖσθαι
1074 541 1127 604 δεῖ
1141 543 1225 623 πρὸς
1242 544 1324 624 βίαν

313 647 421 730 ῶσπερ
445 644 629 731 ἀλλοτρίων
653 644 673 728 ή
692 657 858 730 πονηρῶν·
885 645 957 710 ἐπεί
973 669 1023 712 τοι
1042 644 1097 710 καὶ
1114 651 1247 712 πολῖται
1265 657 1325 729 τῆς
1418 637 1419 640 “

312 753 437 828 πόλεώς
469 751 583 835 ἐσμεν,
615 752 659 828 ὡς
689 750 753 835 ἐγὼ
782 761 841 816 τοῦ
868 738 991 836 πατρὸς
1016 752 1149 834 ήκονον.
1195 752 1325 818 οὐκοῦν

312 855 366 922 καὶ
398 855 562 943 τρέφομεν
593 855 773 941 ὑμετέρους
803 861 938 933 πολίτας
969 859 1047 934 τοὺς
1077 859 1211 934 παῖδας·
1258 859 1325 922 κάν

312 985 390 1028 ποτε
419 961 557 1047 δέησθε,
585 966 814 1048 βοηθήσουσιν
842 962 921 1046 ὑμίν
950 965 1031 1046 πρὸς
1054 963 1173 1049 ληστὰς
1195 961 1216 1047 ἢ
1240 964 1326 1046 πρὸς
1417 1022 1418 1027 ,

314 1072 498 1152 πολεμίους.
543 1078 607 1134 νῦν
635 1064 696 1152 μέν
723 1063 785 1133 οὖν
812 1070 926 1153 είρήνη
955 1069 1058 1134 ε’στίν·
1091 1067 1149 1133 ἐάν
1177 1067 1218 1133 δέ
1242 1091 1324 1134 ποτε
1416 1134 1418 1159 ,

314 1179 423 1259 συμβῇ
446 1177 560 1256 καιρὸς
579 1184 739 1256 τοιοῦτος,
762 1173 898 1251 εὔξεσθε
917 1177 995 1252 τοὺς
1012 1178 1155 1251 πολλοὺς
1172 1185 1325 1259 φανῆναι

314 1281 449 1363 ὁμοίους
475 1280 563 1364 ἡμῖν.
609 1281 653 1364 μή
681 1279 744 1363 γάρ
771 1281 811 1362 δή
834 1282 954 1345 τοῦτόν
977 1303 1014 1364 γε
1036 1282 1095 1346 τὸν
1119 1280 1242 1365 ῥήτορα
1265 1304 1325 1345 νο-

314 1389 417 1469 μίζετε
441 1391 616 1471 μαχεῖσθαι
639 1388 711 1451 τότε
734 1383 809 1468 περὶ
832 1385 942 1470 ὑμῶν,
969 1388 1000 1450 εί
1021 1389 1065 1470 μή
1088 1409 1124 1469 με
1147 1387 1325 1469 λοιδορού-

263 1507 294 1556 15
313 1515 415 1573 μενον
448 1492 556 1576 ὥσπερ
588 1491 646 1568 τάς
674 1501 840 1574 γυναῖκας.
891 1490 909 1556 ὃ
940 1488 977 1556 δὲ
1008 1491 1185 1575 ἐτόλμησεν
1215 1494 1325 1556 εἰπεῖν
1417 1508 1420 1585 'j

313 1593 388 1679 περὶ
411 1605 477 1660 τῶν
499 1600 680 1678 ναυαγίων,
702 1605 836 1679 πρᾶγμα
859 1597 963 1673 οὕτως
986 1595 1123 1662 ἀνόσιον
1145 1595 1200 1662 καὶ
1218 1619 1326 1680 πονη-

313 1704 391 1785 ρόν,
419 1702 529 1785 (τοῦτο
557 1703 620 1786 γάρ
646 1713 766 1787 μικροῦ
790 1701 994 1786 ἐξελαθόμην
1017 1705 1122 1768 εἰπεῖν
1145 1701 1163 1767 ὃ
1186 1703 1325 1768 πάντων
1417 1702 1418 1725 ’

314 1818 445 1892 πρῶτον
462 1809 530 1872 ἔδει
548 1831 588 1891 με
607 1807 786 1892 εἰρηκέναι)
805 1811 853 1886 τίς
867 1807 909 1872 δν
923 1807 1109 1873 πιστεύσειέ
1119 1830 1196 1874 ποτε
1210 1808 1324 1892 ὑμῶν;

314 1914 358 1997 μή
381 1913 444 1996 γάρ
463 1919 513 1996 είη
533 1911 623 1995 ποτέ,
647 1909 672 1977 ὦ
693 1917 771 1997 Ζεῦ,
795 1918 909 1998 λαβεῖν
928 1911 1011 1999 μηδὲ
1029 1917 1186 2000 κερδᾶναι
1204 1913 1325 1998 κέρδος
1417 1896 1420 1943 '¹

313 2028 466 2084 τοιοῦτον
494 2017 557 2083 άπὸ
586 2017 774 2102 ἀνθρώπων
803 2021 988 2104 δυστυχίας.
1034 2020 1117 2086 ἀλλά
1140 2019 1324 2104 ὠφελήθην

314 2121 375 2209 μὲν
412 2119 512 2189 οὐδὲν
548 2125 696 2206 πώποτε,
732 2123 854 2208 ἠλέησα
891 2121 927 2191 δὲ
962 2127 1119 2202 πολλάκις
1154 2129 1325 2208 ναυαγοὺς

315 2230 534 2316 ἀφικομένους
570 2226 625 2294 καὶ
660 2238 699 2312 τῇ
736 2239 840 2315 σκηνῇ
877 2231 1083 2316 ὑπεδεξάμην
1114 2229 1169 2296 καὶ
1200 2243 1325 2314 φαγεῖν

316 2339 422 2402 ἔδωκα
445 2334 499 2402 καὶ
522 2347 611 2401 πιεῖν
629 2333 694 2418 καί,
711 2343 745 2400 εί
758 2359 790 2400 τι
809 2337 889 2402 άλλο
909 2337 1089 2422 ἐδυνάμην,
1112 2337 1325 2420 ἐπεβοήθησα

315 2441 370 2508 καὶ
398 2444 677 2526 συνηκολούθησα
702 2440 796 2528 μέχρι
818 2453 885 2508 τῶν
908 2443 1122 2528 οἰκουμένων.
1167 2441 1250 2507 ἀλλὰ
1272 2447 1326 2520 τίς

315 2548 357 2614 διν
376 2547 512 2613 ἐκείνων
532 2545 605 2631 ἐμοὶ
623 2556 687 2613 νῦν
706 2538 959 2632 μαρτυρήσειεν;
983 2549 1108 2614 οὔκουν
1126 2543 1205 2613 οὐδὲ
1223 2557 1324 2614 τοῦτο

317 2654 452 2720 ἐποίουν
475 2657 655 2738 μαρτυρίας
678 2652 790 2718 ἕνεκεν
813 2653 833 2737 ή
856 2655 1003 2739 χάριτος,
1026 2655 1061 2730 ὅς
1084 2677 1120 2737 γε
1144 2650 1214 2719 οὐδ’
1239 2653 1325 2718 ὅθεν

316 2755 401 2845 ἦσαν
428 2760 623 2844 ἠπιστάμην.
669 2761 713 2844 μή
741 2760 804 2844 γάρ
831 2759 925 2844 ὑμῶν
952 2783 989 2842 γε
1016 2758 1131 2844 μηδεὶς
1152 2758 1325 2844 περιπέσοι

316 2867 455 2954 τοιοάτφ
477 2864 676 2951 πράμματι.”

138 2961 140 3048 λ
266 2991 297 3040 16
387 2977 496 3038 Ταῦτα
524 2967 561 3037 δὲ
588 2970 670 3055 ἐμοῦ
697 2969 851 3052 λέγοντος
877 2969 1050 3036 ἀνίσταταί
1070 2995 1118 3048 τις
1141 2971 1176 3036 ἐκ
1198 2969 1323 3054 μέσων·

139 3066 140 3093 ¹
316 3077 405 3160 κάγὼ
423 3079 505 3165 πρὸς
524 3077 665 3162 ἐμαυτὸν
684 3075 910 3159 ἐνεθυμήθην,
929 3077 978 3141 ὅτι
997 3078 1096 3154 άλλος
1112 3101 1161 3153 τις
1173 3087 1323 3154 τοιοῦτος
1418 3071 1419 3078 ¹

316 3185 418 3269 τυχὸν
446 3183 527 3267 ἐμοῦ
554 3184 847 3265 καταψευσόμενος.
893 3182 911 3248 ὁ
940 3178 977 3246 δε
1004 3178 1110 3247 εἶπεν·
1148 3180 1323 3266 “”Ανδρες,
1416 3257 1419 3271 ¹

317 3290 381 3374 ἐγὼ
404 3289 505 3354 πάλαι
526 3301 646 3356 τοῦτον
670 3287 864 3373 ἀμφιγνοῶν
883 3288 1043 3372 ήπίστουν
1063 3289 1158 3373 ὅμως.
1196 3285 1265 3353 ἐπεὶ
1285 3285 1322 3354 δὲ

318 3406 430 3480 σαφῶς
460 3394 561 3460 αὐτὸν
591 3397 733 3477 ἔγνωκα,
764 3395 876 3458 δεινόν
907 3417 962 3476 μοι
994 3397 1100 3474 δοκεῖ,
1129 3399 1255 3477 μᾶλλον
1285 3390 1321 3459 δὲ
1414 3378 1421 3507 ή

318 3499 450 3583 ἀσεβές,
481 3501 525 3583 μή
554 3501 672 3580 εἰπεῖν,
704 3498 725 3562 δ
753 3502 1005 3580 συνεπίσταμαι,
1032 3495 1111 3581 μηδ’
1138 3497 1317 3564 ἀποδοῦναι
1415 3514 1418 3539 ¹
