3118 3962
338 243 381 306 64
682 245 757 297 XIII.
776 245 999 298 ΛΟΤΚΙΔΝΟΣ.

287 419 317 466 12
338 404 427 469 ἰδιάν
454 403 607 490 ἐχώρησε.
651 403 707 470 καὶ
734 407 770 472 οἰ
792 409 871 472 Χῖοι
897 406 998 472 πόλιν
1023 405 1089 470 ὑπὸ
1116 416 1187 470 τῶν
1210 407 1344 470 οἰκετων

337 507 549 594 ἀδικούμενοι
586 509 640 576 καί
675 513 927 597 διαρπαζόμενοι
959 509 1164 597 μνησθέντες
1196 520 1262 595 τῆς
1294 519 1344 574 τοῦ

335 619 601 698 τετελευτηκότος
630 616 801 695 ἐπιεικείας
829 619 941 707 ἡρῷον
968 618 1146 702 ἱδρύσαντο
1174 618 1265 682 κατὰ
1294 617 1345 698 τὴν

336 722 446 806 χώραν
469 721 521 787 καί
547 723 765 807 ἐπωνόμασαν
787 725 896 810 ἥρωος
918 725 1090 808 εὐμενοῦς·
1112 721 1167 788 καλ
1187 724 1287 811 αὐτῷ
1307 725 1345 786 ε’τι

336 825 390 890 καὶ
413 837 478 894 νῦν
501 829 536 894 οἰ
556 828 713 911 δραπέται
735 830 961 915 ἀποφέρουσιν
980 829 1126 914 ἀπαρχὰς
1143 829 1286 894 πάντων
1306 823 1345 892 ὧν

287 949 318 996 1³
337 931 379 996 ἀν
402 933 550 1000 ἕλωνται.
595 933 676 1020 φασί
699 932 736 1000 δὲ
759 936 813 1001 καὶ
836 935 911 1002 καθ’
934 937 1061 1012 ύπνους
1083 935 1345 1020 ἐπιφαινόμενον

336 1045 471 1116 πολλοῖς
502 1051 569 1106 τῶν
599 1046 689 1107 Χίων
720 1047 960 1128 προσημαίνειν
990 1045 1125 1108 οἰκετῶν
1152 1040 1344 1124 ἐπιβουλάς·

336 1144 390 1209 καί
414 1138 464 1222 οἷς
486 1146 527 1212 ἀν
551 1147 705 1233 ἐπιφανῇ,
728 1146 820 1214 οὗτοι
843 1153 989 1215 θύουσιν
1007 1147 1095 1235 αὐτῷ
1115 1145 1277 1223 ἐλθόντες
1297 1143 1344 1210 ἐπὶ

336 1254 395 1317 τὸν
418 1256 535 1336 τόπου,
559 1249 599 1318 οὗ
622 1256 658 1318 τὸ
681 1255 793 1342 ἡρῷόν
817 1256 905 1321 ἐστιν
928 1255 1052 1321 αὐτοῦ.’

337 1534 426 1600 XIII.
455 1535 633 1603 Fabulatur
655 1538 813 1604 Ευεεελεε
836 1539 875 1604 δε
898 1560 994 1624 mago
1018 1537 1157 1622 quodam
1175 1534 1342 1600 Pancrate.

365 1674 487 1742 (Lucian.
508 1675 642 1733 incredul.
662 1693 686 1733 c.
701 1683 815 1734 33-36.
842 1677 897 1732 vid.
913 1678 981 1732 fasc.
998 1677 1022 1729 ll
1039 1694 1067 1744 p.
1082 1682 1124 1731 20.
1153 1675 1186 1729 cI
1203 1672 1318 1728 Goethii

666 1747 732 1802 ‘Der
751 1748 1014 1816 Zauberlehrling'.)

306 1904 320 1950 1
406 1887 535 1955 (Ὁπότε
559 1890 596 1957 ἐν
623 1893 776 1981 Αἰγύπτφ
801 1893 918 1976 διῆγον
941 1894 988 1956 ἔτι
1010 1889 1085 1968 νέος
1107 1892 1170 1974 ἰόν,
1195 1889 1341 1955 ἀπὸτοῦ

338 1999 460 2079 πατρὸς
482 1995 535 2062 ἐπὶ
557 1999 707 2075 παιδείας
728 1999 891 2083 προφάσει
914 1997 1123 2079 ἀποσταλείς,
1151 1995 1341 2079 ἐπεθύμησα

340 2100 372 2176 ἐς
386 2105 518 2168 Κοπτὸν
537 2103 744 2180 ἀναπλεύσας
762 2103 891 2168 ἐκεῖθεν
911 2101 963 2168 ἐπὶ
982 2105 1040 2169 τὸν
1055 2101 1217 2187 Μέμνονα
1232 2101 1340 2166 ἐλθὼν

340 2208 478 2273 ἀκοῦσαι
499 2210 536 2273 τὺ
559 2211 755 2293 θαυμαστὸν
772 2207 878 2274 ἐκελνο
905 2209 1049 2294 ἠχοῦντα
1066 2209 1149 2293 πρὸς
1166 2206 1340 2291 ἀνίσχοντα

338 2315 397 2378 τὸν
423 2314 528 2397 ἥλιον.
574 2314 703 2381 ἐκείνου
730 2311 791 2398 μὲν
815 2309 877 2380 οὖν
899 2316 1025 2398 ἥκουσα
1048 2314 1089 2378 ού
1111 2313 1192 2378 κατὰ
1214 2315 1251 2377 τὸ
1274 2336 1339 2376 κοι-

339 2422 400 2485 νὸν
427 2432 496 2496 τοῖς
522 2425 657 2496 πολλοῖς
683 2421 811 2502 ἄσημόν
837 2445 911 2484 τινα
938 2423 1071 2503 φωνήν,
1099 2417 1182 2484 ἀλλά
1209 2442 1265 2502 μοι
1287 2417 1339 2484 καὶ
1392 2417 1393 2468 3

340 2529 476 2612 ἔχρησεν
499 2525 685 2610 δΜέμνων
708 2527 806 2601 αὐτὸς
829 2525 962 2604 ἀνοίξας
984 2529 1021 2592 τὸ
1045 2529 1148 2610 στόμα
1171 2523 1207 2589 ἐν
1230 2527 1338 2589 ἔπεσιν

340 2631 433 2714 ἑπτά,
461 2630 514 2696 καὶ
538 2639 572 2697 εί
590 2657 627 2716 γε
651 2635 695 2717 μη
718 2635 871 2718 περιττὸν
894 2629 952 2717 ἦν,
975 2633 1058 2716 αὐτὰ
1081 2632 1123 2698 ἀν
1145 2632 1226 2715 ὑμῖν
1248 2627 1338 2696 εἶπον

303 2750 319 2798 2
339 2739 378 2802 τά
401 2741 471 2822 ἔπη.
507 2740 588 2804 κατὰ
611 2735 648 2802 δὲ
671 2741 730 2804 τὸν
750 2739 920 2804 ἀνάπλουν
939 2742 1053 2824 ἔτυχεν
1070 2739 1150 2823 ἡμῖν
1169 2736 1337 2820 συμπλέων

339 2847 514 2928 Μεμφίτης
542 2843 625 2928 ἀνὴρ
652 2855 719 2908 τῶν
747 2843 1048 2930 ἱερογραμματέων,
1074 2844 1258 2928 θαυμάσιος
1278 2845 1335 2927 την

339 2954 460 3034 σοφίαν
482 2947 537 3014 καί
559 2951 620 3032 τὴν
642 2950 796 3014 παιδείαν
818 2960 927 3015 πᾶσαν
945 2951 1041 3027 εἰδὼς
1058 2952 1119 3034 τὴν
1138 2951 1335 3033 Αἰγυπτίων·

339 3055 466 3140 ἐλέγετο
495 3053 531 3120 δὲ
557 3059 631 3140 τρία
654 3053 708 3120 καὶ
732 3061 855 3120 εἰκοσιν
879 3059 932 3141 ἔτη
957 3055 993 3121 ἐν
1016 3069 1085 3132 τοῖς
1108 3056 1240 3133 ἀδύτοις
1260 3057 1333 3124 ὑπό-

338 3185 426 3245 γειος
443 3159 604 3248 ᾠκηκέναι
623 3162 779 3246 μαγεύειν
797 3165 1034 3246 παιδευόμενος
1051 3164 1116 3229 ὑπὸ
1134 3161 1333 3247 τηςἼσιδος.’

339 3267 573 3352 *Παγκράτηνζ
599 3270 678 3352 ἐφη,
702 3266 841 3350 “λέγεις’,
864 3269 882 3334 ὁ
903 3266 1111 3352 Ἀρίγνωτος,
1136 3269 1227 3354 ’ἐμὸν
1249 3272 1331 3337 διδά-

339 3379 473 3457 σκαλον,
492 3375 582 3459 ἰερὸν
595 3375 713 3460 ἀνδρα,
732 3371 943 3458 ἐξυρημένον,
958 3372 995 3438 έν
1009 3375 1169 3458 όθονιόις,
1183 3379 1330 3460 νοημονα,

339 3481 379 3546 οὐ
401 3487 555 3566 καθαρῶς
578 3479 803 3565 ἑλληνίζοντα,
831 3479 986 3561 ἐπιμήκη,
1015 3485 1129 3562 σιμόν,
1155 3486 1329 3567 πρόχειλον,

338 3589 523 3652 ὑπόλεπτον
546 3588 585 3649 τὰ
609 3584 727 3666 σκέλη.’
774 3583 922 3663 “Αὐτόν’,
945 3579 965 3664 ἡ
990 3581 1019 3646 δ’
1045 3586 1096 3665 ὅς,
1124 3585 1259 3652 ’ἐκεῖνον
1278 3591 1329 3653 τὸν
