2604 3978
186 261 231 326 20
513 264 579 316 Νσ.
597 261 860 318 ΔΗΜΟΣΘΕΝΗΣ.

186 423 225 502 δς
256 420 310 490 ἐπὶ
341 432 380 508 τῇ
413 392 598 510 χειρότονίᾳ
629 421 740 508 μένων
772 418 931 506 ἐλογίζεθ’
964 419 1069 508 ἑαυτῷ
1101 443 1191 504 γεγε-

152 536 311 614 ενήσθαι
333 531 415 614 πρὸς
437 529 522 613 ὑμᾶς
545 530 732 613 ἅνθρωπος.
776 520 824 606 εἷς
846 524 907 612 μὲν
930 523 1026 604 οὑτος
1048 525 1081 604 ἐξ
1104 527 1192 592 ίδίου

184 636 388 721 πράγματος,
416 634 571 719 οὐδεμιᾶς
597 635 726 720 ὕβρεως
752 635 955 720 προσούσης,
982 628 1065 717 ὑπὲρ
1089 631 1192 697 αὑτοῦ

178 751 245 823 Ιτοῦ
267 743 454 826 παραβῆναι
477 742 536 806 τὸν
557 743 664 824 νόμον
686 741 850 824 τοσαύτην
873 742 974 806 ἔδωκε
998 741 1103 823 δίκην.
1148 740 1191 803 εί-

185 849 303 923 κότως·
335 855 433 912 τοῦτο
461 847 525 930 γάρ
554 844 626 913 ἐσθ’
656 846 674 913 δ
701 847 880 933 φυλάττειν
906 846 992 931 ὑμᾶς
1019 847 1085 928 δεῖ,
1116 847 1193 921 τοὺς

186 955 325 1037 νόμους,
354 953 413 1017 τὸν
442 953 558 1038 ὅρκον·
594 949 685 1018 ταῦτ’
714 949 804 1037 ἔχεθ’
828 951 922 1038 ὑμεῖς
948 951 984 1019 οί
1008 951 1193 1029 δικάζοντες

186 1056 237 1123 άελ
257 1059 345 1138 παρά
365 1069 432 1123 τῶν
451 1059 561 1125 ύλλων
579 1057 719 1144 ὡσπερεί
737 1061 1028 1146 παρακαταθήκην,
1050 1058 1093 1142 ἣν
1110 1059 1191 1122 δίπα-

187 1182 258 1246 σιν,
285 1164 357 1229 ὅσοι
381 1165 461 1249 μετά
484 1174 544 1231 τοῦ
567 1165 698 1230 δικαίου
720 1167 803 1250 πρὸς
824 1165 910 1250 ὑμᾶς
932 1167 1098 1252 ἔρχονται,
1123 1175 1192 1228 σῶν

151 1270 346 1355 ιὺπάρχειν
375 1272 434 1335 δεῖ.
480 1269 590 1364 ἕτερος
616 1270 744 1336 ἀδικεῖν
770 1268 842 1337 ποτ’
870 1271 983 1350 ἔδοξεν
1009 1270 1090 1355 ὑμῖν
1116 1268 1192 1353 περὶ

186 1377 225 1442 τά
248 1378 430 1460 Διονύσια,
458 1374 512 1442 καὶ
539 1374 862 1463 κατεχειροτονήσατ’
884 1377 987 1444 αὐτοῦ
1013 1376 1193 1462 παρεδρεύ-

186 1506 282 1558 οντος
304 1483 439 1568 άρχοντι
461 1492 507 1570 τῷ
529 1484 611 1566 υίεῖ,
635 1483 686 1548 ὅτι
707 1481 792 1548 θέαν
814 1485 903 1560 τινὸς
925 1481 1193 1567 καταλαμβάνον-

186 1612 241 1664 τος
267 1585 381 1672 ήψατ’,
409 1587 565 1672 ἐξείργων
592 1588 628 1654 ἐκ
654 1598 714 1654 τοῦ
740 1589 900 1672 θεάτρου·
933 1585 975 1672 ἦν
999 1586 1031 1653 δ’
1055 1583 1192 1664 οὑτοςὸ

153 1707 168 1755 5
187 1704 247 1760 τοῦ
269 1697 441 1778 βελτίστου
463 1696 569 1779 πατήρ
594 1697 825 1779 Χαρικλείδου,
847 1705 907 1761 τοῦ
930 1693 1093 1780 ἄρξαντος.
1137 1691 1193 1760 καὶ

82 1793 272 1888 Οξζῑοοήξμέγα
299 1797 333 1884 γ’
358 1800 438 1884 ὑμῖν
461 1796 552 1866 ταῦτ’
575 1799 682 1866 ἐδόκει
706 1801 835 1866 δίκαιον
858 1803 945 1886 ἐχειν
968 1800 986 1865 ὁ
1008 1802 1193 1884 προβαλλό-

105 1902 165 1950 ⁸⁶⁸s²
188 1929 286 1990 μενος
304 1905 425 1990 λέγειν·
449 1906 492 1971 ἐί
508 1905 767 1990 κατελάμβανον,
790 1907 958 1991 ἄνθρωπε,
980 1905 1077 1988 θίαν,
1099 1907 1131 1970 εί
1144 1908 1192 1990 ,μή

187 2023 257 2088 τοῖς
278 2012 501 2095 κηρύγμασιν,
527 2010 571 2086 ὡς
594 2010 637 2074 σύ
659 2033 698 2094 με
721 2006 803 2096 φής,
825 2009 1022 2094 ἐπειθόμην,
1043 2013 1134 2088 τίνος
1157 2011 1193 2077 ἐκ

186 2128 253 2182 τῶν
275 2120 389 2200 νόμων
412 2111 444 2182 εί
464 2117 578 2201 κύριος
599 2113 655 2180 καί
678 2115 696 2180 ὁ
720 2116 830 2201 άρχων
853 2116 964 2194 αὑτός;
987 2127 1056 2194 τοῖς
1072 2117 1193 2202 ὑπηρέ-

186 2247 257 2300 ταις
285 2222 442 2308 ἐξείργειν
469 2224 590 2305 είπεῖυ,
619 2221 681 2288 οὐκ
703 2220 801 2299 αὐτὸς
823 2222 965 2288 τύπτειν.
1010 2221 1083 2289 οὐδ’
1105 2223 1193 2289 οὑτω

186 2332 358 2413 πείθομαι·
382 2327 539 2413 ἐπιβολήν
563 2327 743 2412 ἐπιβαλεῖν,
765 2328 870 2394 πάντα
888 2330 975 2413 πλήν
993 2329 1091 2406 αὐτὸς
1109 2329 1194 2407 ἅψα-

188 2442 269 2500 σθαι
295 2443 335 2520 τῇ
362 2437 461 2520 χειρί·
489 2435 594 2500 πολλὰ
622 2435 685 2518 γάρ
707 2436 771 2519 πρὸ
793 2443 854 2500 τοῦ
877 2437 920 2519 μή
947 2437 984 2501 τὸ
1012 2433 1096 2520 σῶμ’
1120 2435 1194 2500 ἕκα-

188 2557 266 2606 στον
296 2539 489 2625 ὑβρίζεσθαι
517 2541 734 2623 πεποιήκασιν
762 2540 797 2604 oc
821 2539 938 2622 νάματ’
984 2537 1076 2606 ταῦτ’
1102 2543 1193 2624 ἔλεγε

188 2644 250 2732 μὲν
272 2645 406 2728 ἐκεῖνος,
430 2645 695 2732 ἐχειροτονήσατε
715 2641 745 2710 δ’
764 2645 870 2729 ὑμεῖς·
894 2646 935 2712 ού
952 2647 1019 2731 μήν
1036 2648 1194 2732 εἰσῆλθεν

188 2755 235 2829 είς
262 2755 299 2820 τὸ
328 2754 539 2836 δικαστήριον
568 2746 683 2834 οὗτος,
712 2748 784 2816 ἀλλ’
810 2749 996 2834 ἐτελεύτησε
1022 2754 1193 2835 πρότερον.

155 2857 302 2941 εὲτέρου
325 2861 439 2924 τοίνυν
462 2857 481 2922 ὑ
503 2880 538 2922 τε
562 2857 664 2941 δῆμος
687 2858 770 2933 άπας
792 2859 1098 2942 κατεχειροτόνησεν
1121 2856 1196 2924 άδι-

188 2975 259 3030 κεῖν
276 2962 351 3048 περὶ
369 2965 431 3047 τήν
451 2959 580 3046 ἑορτήν,
602 2960 657 3028 καὶ
676 2962 769 3046 ὑμεῖς
786 2960 968 3028 εἰσελθόντ’
986 2962 1195 3030 ἀπεκτείνατε

188 3081 324 3152 τοῦτον,
356 3066 556 3152 Κτησικλέα,
587 3067 638 3133 ότι
669 3077 787 3143 σκῦτος
818 3069 902 3154 ἔχων
930 3067 1108 3154 ἐπόμπευε,
1138 3068 1196 3136 καὶ

188 3177 294 3265 τούτῳ
322 3175 458 3259 μεθύων
482 3172 620 3252 ἐπάταξέ
645 3171 710 3238 τιν’
733 3169 857 3258 ἐχθρὸν
883 3173 1067 3258 ὑπάρχονθ’
1091 3176 1195 3265 αὑτῷ·

190 3283 297 3348 ε’δόκει
321 3282 384 3366 γὰρ
406 3280 502 3366 ὑβρει
524 3279 579 3346 καὶ
602 3281 663 3346 οὑκ
686 3286 767 3368 οίνηι
790 3280 934 3362 τύπτειν,
957 3279 1040 3346 ἀλλὰ
1062 3283 1123 3366 τήν
1141 3282 1196 3349 ἐπὶ

189 3399 246 3471 τῆς
268 3396 398 3471 πομπῆς
420 3384 558 3478 καὶτοῦ
581 3387 720 3470 μεθύειν
743 3387 910 3469 πρόφασιν
933 3388 1045 3471 λαβὼν
1068 3387 1197 3456 άδικεῖν

156 3511 170 3558 ῖ
191 3494 234 3568 ὡς
253 3493 386 3568 δούλοις
405 3493 571 3577 χρώμενος
590 3503 658 3567 τοῖς
677 3489 874 3576 ἐλευθέροις.
902 3490 1055 3560 ἁπάντων
1068 3497 1197 3580 τοίνυν,

191 3593 217 3661 ὦ
241 3598 360 3682 ἄνδρες
375 3595 558 3681 Ἀθηναῖοι,
579 3599 718 3680 τούτων,
741 3591 788 3662 ὧν
811 3596 829 3662 ὑ
852 3594 913 3681 μέυ
936 3592 983 3664 ὧν
1006 3590 1093 3664 εἷλεν
1115 3599 1197 3666 δπο-
