3118 3962
318 159 338 220 8
661 160 698 211 11.
715 125 973 210 πεονεεεεοτ.

316 309 547 404 άφθαρτον,ςδ
568 319 687 402 χρόνος
705 317 895 401 μεταβολὴν
908 313 987 382 οὐδὲ
1005 309 1053 394 εἷς
1071 317 1190 400 ἐπάγει.
1234 317 1339 380 ἔστιν

314 423 344 488 δ,
358 427 448 505 θεός,
471 424 532 508 χρὴ
556 423 747 508 φάναι,’·καὶ
769 419 838 490 ἔστι
856 421 925 488 κατ’
943 421 1063 489 οὐδένα
1082 425 1215 508 χρόνον,
1240 420 1338 486 ἀλλὰ

317 529 398 592 κατὰ
425 529 483 592 τὸν
510 531 614 593 αίῶνα
640 530 700 594 τὸν
727 527 884 613 ἀκίνητον
906 527 961 594 καὶ
983 530 1126 615 ἄχρονον
1148 511 1209 592 καί
1226 525 1337 610 ἀνέγ·

318 639 431 699 κλιτον
462 632 516 698 καὶ
548 629 589 700 οὗ
620 637 782 719 πρότερον
814 633 914 700 οὐδέν
946 633 1036 702 ἐστιν
1067 623 1138 700 οὐδ’
1170 633 1335 718 ὕστερον,

319 735 397 802 οὐδὲ
427 738 554 823 ’μέλλον
586 736 665 806 οὐδὲ
697 739 951 829 παρῳχημένον,
988 736 1067 806 οὐδὲ
1098 739 1335 824 πρεσβύτερον

318 840 398 909 οὐδὲ
420 846 595 928 νεώτερον·
619 843 689 911 ἀλλ’
713 839 760 922 εἷς
783 847 830 911 ὢν
855 843 905 912 ἑνί
927 855 971 934 τῷ
994 855 1058 912 νῦν
1076 847 1113 911 τὸ
1132 842 1183 910 ἀεὶ
1200 845 1334 928 πεπλή-

319 973 419 1035 ρωκε,
446 949 500 1015 καὶ
528 954 632 1032 μόνον
660 949 728 1016 ἐστὶ
755 953 791 1017 τὸ
819 952 900 1017 κατά
927 962 1046 1018 τοῦτον
1069 953 1172 1026 ὄντως
1195 951 1254 1033 όν,
1283 949 1332 1014 οὐ

319 1058 455 1139 γεγονὸς
482 1053 555 1121 οὐδ’
581 1055 756 1140 ἐσόμενον,
784 1051 857 1122 οὐδ’
883 1056 1067 1141 ἀρξάμενον
1094 1052 1173 1123 οὐδὲ
1198 1057 1331 1121 παυσό-

284 1170 430 1246 ιμενον.
476 1162 580 1239 οὕτως
611 1157 674 1228 οὖν
704 1162 783 1228 αὐτὸ
814 1163 867 1228 δεῖ
895 1161 1093 1248 σεβομένους
1122 1161 1331 1240 ἀσπάζεσθαι

319 1265 373 1332 καὶ
400 1269 675 1353 προσαγορεύειν,
702 1267 723 1353 ἢ
750 1265 805 1334 καὶ
830 1269 871 1352 νη
894 1273 977 1353 Δία,
1004 1269 1048 1346 ὡς
1070 1271 1153 1334 ἔνιοι
1175 1277 1241 1333 τῶν
1263 1287 1330 1330 πα-

320 1379 433 1457 λαιῶν,
457 1369 500 1438 ‘el
516 1372 572 1439 ἕν’.
609 1373 731 1459 οὐγὰρ
750 1375 855 1440 πολλὰ
874 1377 911 1440 τὸ
929 1378 1026 1440 θεῖόν
1044 1373 1145 1458 ἐστιν,
1167 1373 1212 1449 ὡς
1228 1372 1329 1456 ἡμῶν

320 1479 453 1556 ἕκαστος
478 1478 520 1552 -όκ
552 1483 680 1565 χωρίων
713 1481 884 1564 διαφορῶν
913 1479 950 1546 ἐν
970 1479 1096 1558 πάθεσι
1118 1479 1332 1564 γιγνομένων

320 1585 487 1671 ἄθροισμα
518 1587 730 1652 παντοδαπὸν
761 1588 816 1650 καί
847 1597 1076 1670 πανηγυρικῶς
1094 1583 1328 1670 μεμειγμένον·

320 1687 446 1756 ἀλλ”δυ
464 1687 550 1756 εἶναι
569 1693 675 1756 δεῖτὸ
694 1693 745 1775 όν,
765 1691 872 1775 ὥσπερ
892 1692 932 1756 δν
949 1693 986 1756 τὸ
1006 1690 1051 1756 ἕν.
1081 1691 1100 1774 ἡ
1116 1687 1146 1756 δ’
1165 1687 1327 1772 ἑτερότης,

321 1798 464 1881 διαφορά
482 1807 542 1862 τοῦ
561 1798 668 1882 ὄντος,
689 1801 735 1874 είς
753 1796 884 1880 γένεσιν
904 1797 1065 1876 ἐξίσταται
1083 1807 1143 1862 τοῦ
1162 1797 1204 1879 μὴ
1220 1797 1325 1872 όντος.

322 1901 404 1966 ὅθεν
431 1897 468 1966 εὖ
496 1901 550 1967 καὶ
578 1904 615 1968 τὸ
642 1913 774 1987 πρῶτον
802 1905 867 1988 ἔχει
897 1912 942 1990 ιφ
969 1909 1039 1988 θεῷ
1063 1912 1128 1966 τῶν
1149 1899 1324 1985 ’ὀνομάτων

286 2005 375 2074 εκαὶ
407 2009 444 2073 τὸ
477 2008 633 2094 δεύτερον
665 2007 720 2074 καὶ
751 2011 788 2074 τὸ
815 2011 935 2093 τρίτον.
977 2005 1144 2072 Ἁπόλλων
1171 2003 1232 2090 μὲν
1260 2007 1322 2089 γάρ

321 2105 394 2178 οἷον
420 2112 624 2198 ἀρνούμενος
646 2115 686 2180 τά
708 2115 814 2180 πολλά
837 2111 891 2178 καὶ
913 2115 950 2178 τὸ
973 2119 1101 2196 πλῆθος
1123 2111 1322 2196 ἀποφάσκων
1404 2173 1405 2190 2

321 2219 423 2284 ἐστίν·
453 2215 549 2302 Ἰήιος
572 2218 625 2303 δέ,
648 2221 691 2296 ὡς
712 2211 760 2296 ἐἷς
781 2222 836 2284 καί
859 2223 972 2304 μόνος·
1007 2222 1134 2302 Φοῖβον
1157 2213 1194 2282 δὲ
1218 2217 1321 2300 δήπου

320 2327 358 2390 τὸ
385 2319 548 2410 καθαρὸν
561 2323 616 2390 καὶ
644 2323 747 2408 ἁγνὸν
771 2327 806 2390 οἱ
825 2322 958 2389 παλαιοὶ
980 2333 1046 2389 πάν
1069 2324 1252 2407 ὠνόμαζον,
1268 2321 1322 2398 ’ὡς

322 2434 369 2496 ἔτι
398 2432 560 2496 Θεσσαλοὶ
588 2431 666 2507 τοὺς
695 2429 800 2515 ίερέας
827 2430 863 2495 όν
889 2441 960 2506 ταῖς
981 2427 1169 2515 ἀποφράσιν
1191 2426 1322 2512 ἡμέραις
1404 2425 1405 2436 ’

322 2537 442 2613 αὐτοὺς
465 2533 515 2622 ἐφ’
540 2534 665 2602 ἑαυτῶν
690 2536 750 2615 ἔξω
774 2538 1018 2620 διατρίβοντας,
1041 2531 1147 2619 οἶμαι,
1169 2537 1320 2618 φοιβονο-

322 2649 457 2726 μεῖσθαι
490 2639 632 2725 λέγουσι.
677 2644 714 2708 τὸ
743 2637 780 2706 δὲ
807 2643 844 2706 ἓν
875 2638 1049 2726 είλικρινὲς
1079 2638 1134 2705 καὶ
1163 2641 1319 2720 καθαρόν·
1404 2639 1405 2714 δ

322 2745 435 2831 ἑτέρου
451 2748 514 2833 γάρ
532 2745 635 2829 μείξει
655 2750 736 2833 πρὸς
759 2747 872 2830 ἕτερον
895 2747 913 2814 ὁ
936 2749 1091 2831 μιασμός,
1119 2747 1162 2822 ὥς
1184 2767 1247 2810 που
1267 2743 1319 2809 καὶ

252 2852 457 2939 ΛιιιὍμηρος
480 2851 641 2939 όλέφαντά
660 2877 733 2918 τινα
752 2856 1009 2937 φοινισσόμενον
1027 2856 1116 2936 βαφῇ
1136 2854 1322 2935 μιαίνεσθαί

321 2977 418 3043 φησι·
459 2958 515 3025 καὶ
546 2961 585 3024 τδι
606 2961 806 3042 μενγνόμενα
833 2969 899 3023 τῶν
935 2958 1115 3044 χρωμάτων
1147 2957 1182 3021 οί
1210 2960 1318 3040 βαφεῖς

322 3064 545 3149 φθείρεσθαί
565 3063 619 3129 καὶ
639 3063 867 3149 ’φθοράάτὴν
880 3060 986 3145 μεῖξιν
999 3061 1224 3146 ὀνομάζουσιν.
1249 3060 1315 3126 οὐκ-

322 3181 384 3236 οῦν
414 3170 450 3235 ἓν
480 3193 514 3234 τε
544 3164 628 3234 εἶναι
657 3167 762 3234 καὶ”
742 3191 884 3254 ακρατον
917 3165 968 3232 ἀεὶ
999 3175 1044 3256 τῷ
1078 3165 1239 3254 ἀφθάρτῳ
1268 3163 1315 3230 καὶ

321 3283 458 3361 καθορῶ
481 3275 647 3356 προσήκει.

157 3424 159 3439 ι
287 3400 302 3448 9
386 3378 483 3446 Ἀλλά
513 3403 549 3463 γε
579 3387 623 3466 τῷ
652 3375 722 3444 ΕΡ
749 3380 786 3444 τὸ
815 3341 941 3443 Γνῶθι
969 3375 1118 3442 σεαυτδν’
1147 3323 1235 3442 ἔοικέ
1255 3397 1313 3453 πως

160 3471 161 3476 ¹
323 3487 530 3551 ἀντικεῖσθαι
552 3445 608 3549 καί
629 3488 753 3569 τρόπον
776 3485 850 3548 τινά
872 3483 972 3546 πάλιν
996 3479 1160 3567 συνάδειν.
1206 3477 1290 3546 τὸ
1262 3505 1312 3564 μεν
