3118 3962
499 187 546 240 xl.
567 185 655 237 ΔΙΩΝ
670 186 956 238 ιΧΡΤΣΟΣΤΟΜΟΣ.
1190 182 1233 248 53

208 341 255 408 δὲ
284 345 347 426 τὴν
371 345 480 429 χώραν
503 345 775 428 κατανειμάμενοι
798 346 842 428 μὴ
865 347 1035 420 πείσαντες
1057 343 1152 427 ὑμᾶς,
1175 343 1234 408 ἐὰν

209 448 416 534 ἐπιτρέψητε
446 461 515 526 τοῖς
543 454 675 535 θηρίοις
706 452 836 526 τούτοις
865 461 984 534 προῖκα
1015 453 1102 534 ἔχειν
1131 448 1233 516 πλέον

211 553 238 637 ἢ
266 559 359 639 χίλια
381 553 510 637 πλέθρα
533 564 592 638 γῆς
615 566 670 639 τῆς
692 555 838 640 ἀρίστης,
861 555 944 620 ὅθεν
961 555 1042 638 ὑμῖν
1060 558 1128 620 ἐστι
1146 567 1234 635 τρεῖς

212 663 373 746 χοίνικας
392 657 538 736 Ἀττικάς
566 666 658 726 σίτου
687 661 868 745 λαμβάνειν
890 657 961 725 κατ’
985 660 1124 746 άνδρα.”
1170 659 1233 742 ἐγὼ
1253 678 1269 724 ε

214 762 259 830 δὲ
290 765 434 842 άκούσας
462 764 598 848 ἐγέλασα
626 767 706 832 ὅσον
735 765 904 848 ἐδυνάμην
928 765 1092 850 μέγιστον.
1136 767 1174 831 τὸ
1197 761 1234 830 δέ

214 877 355 954 πλῆθος
377 872 438 937 οὐκ
461 871 594 956 ἐγέλων,
617 874 726 956 ὥσπερ
745 875 919 956 πρότερον,
941 869 1014 938 ἀλλ’
1036 871 1234 957 ἐθορύβουν.

217 977 238 1044 ὁ
266 974 305 1042 δὲ
329 979 509 1062 ἅνθρωπος
532 978 550 1044 ὁ
574 978 683 1063 ῥήτωρ
704 976 895 1063 ἐχαλέπαινε
914 975 969 1042 καὶ
989 980 1101 1044 δεινὸν
1121 976 1234 1063 ἐμβλέ-

217 1094 290 1160 ψας
321 1085 369 1160 είς
401 1077 455 1166 ἐμὲ
488 1077 593 1147 εἶπεν·
630 1079 769 1167 ““ορᾶτε
802 1084 863 1166 τὴν
891 1085 1064 1168 εἰρωνείαν
1092 1081 1147 1148 καλ
1174 1085 1235 1167 τὴν

218 1189 326 1272 ὕβριν
354 1197 414 1254 τοῦ
440 1189 665 1273 καθάρματος,
693 1189 737 1264 ὡς
764 1193 925 1274 καταγελᾷ
952 1189 1041 1253 πάνυ
1068 1186 1233 1271 θρασέως;

221 1294 265 1358 ὃν
291 1293 429 1378 ἀπάγειν
452 1282 567 1376 ὀλίγου
592 1292 656 1360 δέω
674 1292 729 1358 καλ
747 1296 806 1359 τὸν
824 1297 988 1359 κοινωνὸν
1007 1294 1119 1359 αὐτοῦ.
1154 1317 1235 1360 πυν-

220 1400 373 1482 θάνομαι
396 1401 458 1484 γάρ
483 1401 544 1464 δύο
568 1395 653 1464 εἶναι
675 1402 753 1476 τοὺς
775 1403 978 1484 κορυφαίους
999 1410 1066 1464 τῶν
1089 1405 1236 1484 κατειλη-

222 1509 340 1590 φότων
363 1506 492 1570 δίκασαν
516 1506 634 1590 σχεδὸν
658 1507 719 1589 τὴν
737 1504 774 1570 ἐν
792 1517 861 1581 τοῖς
879 1507 970 1590 ὄρεσι
989 1507 1109 1591 χώραν.
1144 1502 1235 1589 οἶμαι

224 1610 290 1695 γδιρ
310 1611 430 1688 αὐτοὺς
447 1607 530 1696 μηδὲ
544 1621 610 1676 τῶν
624 1615 793 1694 ναυαγίων
807 1609 988 1696 ἀπέχεσθαι
1003 1622 1069 1676 τῶν
1084 1609 1235 1676 ἑκάστοτε

225 1717 470 1799 ἐκπιπτόντων,
501 1713 584 1802 ὑπὲρ
615 1717 715 1794 αὐτάς
745 1719 865 1801 σχεδόν
894 1740 925 1781 τι
955 1717 1012 1794 τάς
1041 1719 1236 1802 Καφηρίδας

226 1827 409 1898 οἰκοῦντας.
454 1826 561 1888 πύθευ
584 1823 646 1908 γάρ
670 1823 755 1888 ούτω
778 1827 968 1898 πολυτελεῖς
990 1821 1129 1907 ἀγρούς,
1156 1827 1269 1906 μάλ-7

227 1934 289 1994 λον
330 1924 366 1994 δὲ
409 1927 488 2004 ὅλας
523 1929 632 2011 κώμας
668 1928 947 1994 κατεσκευάσαντο
985 1925 1039 1992 καλ
1078 1939 1237 1995 τοσοῦτον

227 2039 356 2116 πλῆθος
388 2035 605 2118 βοσκημάτων
639 2031 694 2097 καὶ
728 2035 822 2118 ζεύγη
856 2032 909 2098 καὶ
943 2033 1149 2119 άνδράποδα;
1182 2033 1238 2102 καὶ

229 2141 323 2224 ὑμεῖς
351 2135 387 2204 δέ
417 2147 495 2216 ίσως
522 2139 618 2224 δρᾶτε
646 2139 750 2205 αὐτοῦ
777 2141 837 2224 την
861 2139 1019 2224 ἐξωμίδα,
1050 2141 1094 2217 ὡς
1115 2142 1238 2224 φαύλη,

141 2251 142 2254 ’
230 2243 286 2310 καὶ
312 2247 349 2310 τὸ
378 2243 497 2328 δέρμα,
525 2245 542 2310 δ
567 2245 707 2328 ἐλήλυθε
732 2247 831 2328 δεῦρο
855 2244 1060 2330 ἐναψάμενος
1082 2256 1139 2330 τῆς
1160 2246 1237 2330 ὑμε-

230 2348 325 2434 τέρας
352 2349 463 2416 ἕνεκεν
490 2350 630 2435 άπάτης,
658 2351 703 2428 ὡς
730 2353 856 2435 πτωχὸς
882 2353 1037 2434 δηλονότι
1060 2349 1114 2416 καὶ
1137 2348 1237 2417 οὐδὲν

142 2551 144 2558 J
231 2460 322 2540 έχων.
360 2455 424 2538 ἐγὼ
446 2452 507 2540 μὲν
531 2456 630 2541 γάρ”,
654 2459 728 2540 ἔφη,
752 2454 907 2540 “βλέπων
928 2455 1029 2522 αὐτὸν
1047 2467 1167 2542 μικροῦ
1186 2456 1237 2521 δέ-

232 2565 336 2645 δοικα,
355 2561 464 2646 ὥσπερ
484 2557 574 2646 οἶμαι
592 2564 651 2627 τὸν
666 2563 843 2626 Ναύπλιον
862 2561 951 2646 ὁρῶν
969 2561 1032 2628 άπὸ
1047 2573 1107 2628 τοῦ
1121 2567 1237 2648 Καφη-

141 2655 148 2691 ’”
232 2665 312 2752 ρέως
334 2667 466 2750 ἥκοντα.
502 2665 556 2732 καὶ
578 2668 640 2752 γάρ
660 2663 751 2750 οἶμαι
770 2668 949 2750 πυρσεύειν
968 2667 1070 2733 αὐτὸν
1088 2667 1152 2733 άπὸ
1171 2680 1237 2733 τῶν

143 2766 149 2854 f
234 2775 339 2858 άκρων
357 2785 426 2850 τοῖς
444 2771 614 2856 πλέουσιν,
633 2773 721 2850 ὅπως
740 2773 940 2838 ἐκπίπτωσιν
954 2776 1001 2851 είς
1015 2775 1071 2851 τάς
1085 2772 1235 2858 πέτρας.”

144 2873 153 2901 ἐι

300 2882 408 2944 Ταῦτα
432 2875 468 2943 δὲ
492 2879 620 2944 ἐκείνου
641 2877 793 2962 λέγοντος
812 2877 990 2944 καὶπολλὰ
1009 2883 1091 2965 πρὸς
1108 2883 1237 2959 τούτοις
1255 2898 1271 2946 8

141 2973 154 3020 s
234 2985 251 3051 ὁ
274 2980 331 3068 μὲν
355 2985 451 3069 ὄχλος
474 2986 644 3069 ἠγριοῦτο·
668 2985 731 3068 ἐγὼ
756 2981 792 3050 δέ
815 2985 964 3070 ἠπόρουν
983 2984 1038 3051 καὶ
1057 2985 1237 3052 ἐδεδοίκειν
1339 3053 1343 3070 ,

141 3083 154 3131 ί
234 3090 276 3175 μή
296 3094 330 3154 τί
349 3114 389 3174 με
414 3090 617 3174 ἐργάσωνται
640 3093 750 3156 κακόν.
795 3091 973 3176 παρελθὼν
1000 3089 1030 3155 δ’
1056 3093 1155 3169 ἄλλος
1176 3117 1235 3176 τις,

142 3184 158 3239 λ-
235 3195 275 3272 (bg
304 3195 455 3280 ἐφαίνετο
486 3195 628 3280 ἐπιεικὴς
657 3198 836 3281 ἄνθρωπος
865 3195 930 3260 ἀπό
963 3219 996 3262 τε
1029 3209 1094 3263 τῶν
1127 3202 1236 3281 λόγων

237 3300 289 3378 οὓς
319 3298 389 3366 εἷπε
420 3301 475 3367 καὶ
507 3302 570 3368 άπὸ
598 3311 657 3368 τοῦ
686 3304 862 3387 σχήματος,
894 3313 1025 3388 πρῶτον
1053 3299 1113 3386 μὲν
1141 3303 1235 3388 ἠξίου

141 3401 162 3458 ἓν

143 3525 163 3582 μ

141 3623 161 3677 ιλ

237 3417 391 3491 σιωπῆσαι
418 3410 455 3473 τὸ
484 3413 623 3492 πλῆθος·
654 3405 708 3472 καὶ
732 3407 933 3490 ἐσιώπησαν·
964 3411 1074 3472 ἔπειτα
1102 3405 1170 3474 εἷπε
1196 3418 1234 3494 τῇ

238 3521 324 3598 φωνῇ
350 3510 478 3600 πρᾴως,
507 3513 556 3577 ὅτι
585 3509 685 3578 οὐδὲν
714 3511 886 3578 ἀδικοῦσιν
915 3514 950 3577 οί
969 3514 1030 3596 την
1053 3513 1156 3598 ἀργὸν
1178 3523 1236 3597 τῆς
