2604 3978
533 206 595 261 IVd
622 211 768 262 ΛΤΣΙΑΣ.
1110 212 1153 273 23

150 369 230 432 ὄντα
257 370 356 446 ἰδίαις
382 367 436 433 καί
464 371 594 454 μορίαις
617 368 742 452 ἐλάαις,
770 364 817 435 ὧν
840 381 903 436 νῦν
926 371 965 436 τά
987 369 1080 436 πόλλ’
1104 370 1154 436 ἐκ-

148 471 303 538 κέκοπται
325 472 380 538 καλ
402 474 422 558 ἡ
446 483 487 558 γῆ
510 473 590 558 ψιλή
609 475 793 559 γεγένηται·
816 474 955 542 καὶτῶν
972 477 1082 542 αὐτῶν
1100 475 1154 542 καὶ

149 577 187 644 ἐν
209 589 248 664 τη
276 582 390 665 εἰρήνη
413 579 468 645 καλ
491 579 527 646 ἐν
549 590 594 667 τῷ
618 580 750 670 πολέμῳ
773 579 980 666 κεκτημένων
1002 583 1065 647 οὐκ
1087 581 1154 661 ἀξι-

149 693 226 751 οῦτε
244 683 320 769 παρ’
338 686 459 769 αὐτῶν,
478 683 599 770 ἑτέρων
613 686 836 770 ἐκκοψάντων,
855 689 951 771 δίκην
966 688 1155 772 λαμβάνειν.

149 795 256 856 καίτοι
282 794 314 856 εἰ
339 795 416 868 τοὺς
445 791 501 856 διδι
529 795 651 868 παντὸς
681 803 742 858 τοῦ
774 797 897 878 χρόνον
929 803 1190 878 γεωργοῦνταςο

149 905 207 980 τῆς
233 899 338 974 αἰτίας
365 897 493 982 ἀφίετε,
520 893 541 981 ή
568 919 634 963 που
660 899 722 984 χρή
749 900 827 974 τούς
853 895 883 982 γ’
911 898 948 964 ἐν
974 908 1012 984 τῇ
1041 901 1154 986 εἰρήνῃ

149 1001 351 1086 πριαμένους
373 1001 429 1087 ἀφ’
453 1002 548 1087 ὑμῶν
571 1001 726 1086 ἀζημίους
748 1002 913 1086 γενέσθαι.

214 1105 309 1172 Ἀλλά
332 1109 407 1193 γάρ,
430 1104 456 1174 ὦ
479 1110 596 1192 βουλή,
619 1106 694 1193 περὶ
717 1104 779 1192 μὲν
801 1121 867 1174 τῶν
885 1112 1048 1195 πρότερον
1065 1135 1155 1194 γεγε-

148 1212 303 1298 νημένων
325 1212 419 1279 πόλλ’
442 1216 526 1298 ἔχων
548 1216 654 1279 εἰπεῖν
677 1215 773 1280 ίκανά
791 1218 912 1299 νομιζω
930 1215 1020 1279 τάί
988 1214 1154 1300 εἰρημένα·

149 1316 347 1404 ἐπειδήδέ
346 1321 394 1402 γὼ
412 1318 599 1402 παρέλαβον
618 1322 655 1385 τὸ
673 1323 759 1405 χωρί
757 1345 809 1403 ου,
826 1318 906 1405 πρὶν
924 1318 1046 1404 ἡμέρας
1060 1320 1156 1386 πέντε
1164 1373 1240 1425 01
1250 1375 1261 1414 1

149 1424 322 1510 γενέσθαι,
350 1425 565 1509 ἀπεμίσθωσα
588 1426 839 1514 Καλλιστράτῳ,
867 1424 920 1491 ἐπλ
943 1428 1243 1533 Hw⁰3⁰39⁰v⁸4oqa
1170 1375 1253 1467 ⁸·0h·

149 1533 321 1616 ἄρχοντος·
359 1530 395 1608 ὃς
422 1528 475 1595 δύ’
506 1533 561 1614 ἔτη
590 1531 809 1616 ἐγεώργησεν,
841 1526 910 1597 οὔτ’
937 1533 1026 1597 ἰδίαν
1055 1478 1231 1598 ἐλάανο

149 1639 226 1704 οὔτε
258 1640 379 1721 μορίαν
411 1637 486 1702 οὔτε
518 1639 621 1721 σηκὸν
652 1639 860 1722 παραλαβών.
905 1641 1003 1726 τρίτῳ
1032 1636 1062 1703 δ’
1091 1641 1155 1704 ἔτει

150 1745 341 1828 Δημήτριος
373 1742 487 1808 οὑτοσί
518 1743 706 1826 εἰργάσατο·
743 1753 788 1830 τςό
817 1739 854 1809 δὲ
881 1744 1022 1832 τετάρτῳ
1047 1741 1156 1830 Ἀλκίηι

146 1847 379 1926 Ἀντισθένους
401 1847 612 1937 ἀπελευθέρῳ
636 1848 818 1932 ἐμίσθωσα,
841 1849 878 1926 ὃς
900 1848 1052 1933 τέθνηκε·
1076 1851 1155 1934 μετὰ

149 1965 252 2022 ταῦτα
273 1953 338 2039 τρί’
362 1957 416 2038 ἔτη
440 1955 561 2039 ὁμοίως
582 1952 637 2020 καλ
655 1952 812 2039 Πρωτέας
835 1953 1051 2040 ἐμισθώσατο.
1089 1959 1158 2020 Καί

150 2086 207 2147 μοι
230 2059 321 2146 δεῦρ’
344 2067 390 2126 ίτε
413 2060 582 2146 μάρτυρες.
621 2068 806 2135 (Τεεῦιοοοίε
823 2069 974 2140 leguntur.)

214 2163 345 2250 Ἐπειδὴ
363 2169 478 2231 τοίνυν
492 2165 511 2232 ὁ
525 2167 644 2251 χρόνος
657 2160 753 2242 οὗτος
767 2165 883 2251 ἐξήκει,
901 2165 999 2243 αὐτὸς
1012 2179 1156 2250 γεωργῶ.
1176 2186 1190 2234 ι

149 2270 232 2359 φησὶ
259 2269 292 2338 δ’
318 2272 336 2338 ὁ
364 2274 543 2355 κατήγορος
570 2269 623 2336 ἐπὶ
650 2271 842 2337 Σουνιάδου
869 2273 1027 2358 ἄρχοντος
1056 2273 1261 2366 σηκὸνξξοῆξρ0

149 2376 207 2444 ὑπ’
228 2377 309 2462 ἐμοῦ
328 2375 533 2461 ἐκκεκόφθαι.
566 2377 647 2460 ὑμίν
666 2372 703 2441 δὲ
721 2379 1007 2462 μεμαρτυρήκασιν
1026 2380 1062 2443 οί
1076 2382 1156 2464 πρό·
1182 2378 1242 2460 007ἰο

149 2507 248 2566 τερον
276 2481 488 2567 ἐργαζόμενοι
514 2479 569 2546 καλ
591 2479 684 2548 πόλλ’
710 2484 764 2566 ἔτη
787 2479 864 2568 παρ’
887 2481 968 2566 ἐμοῦ
990 2491 1156 2569 μεμισθω-

149 2589 244 2676 μένοι
272 2589 316 2672 μή
344 2583 430 2653 εἰναι
458 2590 560 2671 σηκὸν
587 2587 624 2654 ἐν
650 2597 695 2676 τῷ
723 2591 842 2677 χωρίῳ.
887 2593 993 2654 καίτοι
1019 2601 1088 2667 πῶς
1114 2592 1156 2656 ἀν

149 2719 199 2773 τις
216 2691 451 2779 φανερωτέρας
469 2692 644 2777 ἐξελέγξειε
662 2696 871 2777 ψευδόμενον
885 2696 944 2760 τὸν
957 2699 1156 2780 κατήγορου;

149 2801 191 2869 οῦ
214 2801 276 2884 γάρ
296 2791 370 2865 οἷόν
387 2796 439 2883 θ’,
462 2799 483 2864 ἃ
500 2803 664 2885 πρότερον
682 2802 726 2884 μή
745 2795 799 2884 ἦν,
821 2810 923 2866 ταῦτα
940 2802 999 2866 τὸν
1016 2800 1156 2886 ὕστερον

150 2907 370 2992 ἐργαζόμενον
392 2904 570 2990 ἀφανίζειν.

213 3010 296 3095 Ἐγὼ
314 3014 442 3094 τοίνυν,
465 3007 490 3077 ὦ
509 3015 626 3096 βουλή,
649 3010 685 3076 ἐν
704 3008 765 3096 μὲν
784 3021 828 3100 τῷ
848 3009 927 3089 τέως
945 3014 1065 3101 χρόνῳ,
1084 3012 1157 3079 ὅσοι
1175 3033 1191 3079 8

149 3143 189 3204 με
208 3118 368 3203 φάσκοιεν
387 3118 499 3184 δεινὸν
518 3113 605 3182 εἰναι
623 3115 678 3182 καὶ
697 3117 815 3202 ἀκριβῆ
834 3116 888 3182 καί
907 3113 1007 3184 οὐδὲν
1025 3117 1067 3183 ἰλν
1085 3121 1156 3205 εἰκη

149 3223 203 3292 καλ
222 3223 401 3306 ἀλογίστως
418 3233 563 3306 ποιήσαι,
581 3223 790 3307 ήγανάκτουν
808 3224 861 3306 ἀν,
879 3223 1063 3308 ήγούμενος
1076 3230 1155 3308 μᾶλ-

149 3337 210 3398 λον
233 3330 446 3413 εὐλογεῖσθαι
469 3329 489 3413 ἢ
513 3330 558 3406 ὥς
579 3352 636 3413 μοι
654 3338 811 3412 προσῆκε·
835 3339 899 3394 νῦν
918 3326 955 3395 δὲ
973 3330 1096 3407 πάντας
1113 3329 1155 3395 ἀν
1202 3319 1203 3323 “

150 3437 234 3522 ὑμᾶς
260 3439 443 3520 βουλοίμην
470 3433 545 3518 περὶ
569 3433 650 3518 ἐμοῦ
672 3435 794 3517 ταύτην
816 3435 877 3518 τήν
900 3436 1036 3519 γνώμην
1058 3438 1156 3520 ἔχειν,

147 3539 192 3608 ἵν’
214 3540 346 3628 ἡγῆσθέ
366 3563 406 3626 με
430 3551 564 3606 σκοπεῖν
587 3541 641 3623 ἀν,
664 3546 754 3624 εἰπερ
778 3540 940 3616 τοιούτοις
958 3543 1067 3624 ἔργοις
1084 3539 1155 3608 ἐπε·

1286 3545 1290 3631 ι
