3118 3962
342 229 385 292 50
586 273 587 278 ,
617 232 663 286 xl.
685 231 774 284 Διεεα
793 232 1075 284 Χεεεοεεοιιοε.

337 399 445 478 τρςδον
473 391 547 456 οὔτε
575 391 667 474 ἡμεῖς
690 390 909 476 ἐκτησάμεθα·
941 391 1024 458 ἀλλὰ
1046 387 1131 475 ήσαν
1155 393 1190 456 οί
1210 390 1345 472 πατέρες

337 495 431 580 ήμῶν
454 495 625 582 ἐλεύθεροι
648 495 721 581 μέν,
743 496 877 581 πένητες
900 494 937 562 δέ
960 499 1020 582 οὐχ
1043 492 1141 581 ήττον
1163 498 1272 582 ήμῶν,
1297 521 1345 580 μι

339 608 426 668 σθοῦ
454 605 625 687 βουκόλοι,
658 605 738 686 βοῦς
763 601 918 687 νέμοντες
946 603 1066 690 ἀνδρὸς
1092 607 1256 688 μακαρίου
1281 613 1346 668 τῶν

339 707 476 774 ἐνθένδε
502 711 592 785 τινὸς
619 708 655 774 έκ
680 717 738 793 της
764 710 878 794 νήσου,
900 709 1023 786 πολλάς
1055 705 1115 794 μέν
1142 707 1261 793 ἀγέλας
1294 706 1347 773 καὶ

338 814 447 879 ἵππων
469 813 524 879 καὶ
546 817 636 897 βοῶν
658 812 870 898 κεκτημένου,
892 815 1015 891 πολλάς
1037 811 1074 880 δέ
1091 819 1243 900 ποίμνας,
1265 820 1348 880 πολ-

340 922 419 996 λοὺς
447 915 484 984 δὲ
508 917 563 985 καλ
586 923 707 996 καλοὺς
729 919 867 1003 ἀγρούς,
894 921 999 985 πολλά
1024 915 1061 984 δέ
1082 918 1138 985 καὶ
1160 922 1244 985 ἀλλα
1266 925 1348 1004 χρή-

304 1040 319 1088 '1
339 1049 435 1108 ματα,
458 1026 630 1109 σύμπαντα
653 1021 691 1089 δέ
713 1035 813 1090 ταῦτα
834 1025 873 1089 τά
893 1027 962 1110 όρη.
995 1020 1036 1090 οὗ
1055 1026 1096 1110 δή
1115 1024 1349 1102 ἀποθανόντος

339 1128 394 1194 καὶ
423 1140 479 1214 τής
506 1130 621 1207 οὐσίας
648 1132 870 1215 δημευθείσης
898 1129 993 1216 (φασὶ
1022 1127 1059 1194 δέ
1074 1128 1136 1195 καὶ
1159 1131 1262 1196 αὐτὸν
1286 1130 1348 1195 ἀπ-

340 1233 478 1301 ολέσθαι
506 1238 561 1301 διδι
588 1237 628 1301 τά
655 1240 802 1322 χρήματα
829 1237 894 1302 ὑπὸ
921 1247 981 1302 τοῦ
1003 1233 1176 1322 βασιλέως)
1199 1237 1262 1320 τήν
1283 1234 1348 1320 μὲν

340 1339 461 1426 ἀγέλην
483 1342 587 1418 εὐθὺς
609 1341 792 1426 ἀπήλασαν,
815 1343 898 1407 ὥστε
921 1345 1118 1425 κατακόψαι,
1139 1343 1222 1424 πρὸς
1246 1339 1283 1406 δὲ
1309 1353 1348 1427 τῇ

340 1443 440 1531 ἀγέλη
455 1455 457 1462 ’
470 1445 524 1512 καὶ
553 1447 592 1512 τά
622 1445 761 1531 ἡμέτερα
791 1449 869 1512 ἀττα
896 1449 1023 1532 βοίδια,
1052 1444 1106 1512 καὶ
1133 1449 1191 1512 τὸν
1218 1451 1349 1536 μισθὸν

341 1549 451 1628 οὐδεὶς
482 1549 680 1617 ἀποδέδωκε.
731 1556 803 1617 τότε
835 1549 895 1636 μέν
928 1554 969 1636 δή
1002 1551 1034 1630 ἐξ
1067 1551 1210 1636 ἀνάγκης
1241 1553 1350 1619 αὐτοῦ

340 1655 545 1742 κατέμειναν,
564 1657 702 1742 μάλιστα
721 1655 751 1722 δ’
770 1657 806 1724 έν
824 1659 929 1747 τούτῳ
948 1667 993 1746 τῷ
1012 1661 1100 1746 τόπφ
1118 1660 1176 1723 τὸν
1193 1661 1350 1742 σταθμὸν
1403 1677 1404 1688 ’

305 1777 321 1826 8
341 1761 527 1828 ἐποιοῦντο·
555 1767 593 1828 τό
619 1787 654 1828 τε
677 1764 739 1848 γάρ
762 1767 885 1848 χωρίον
908 1763 1111 1848 ἀπόρρυτον,
1139 1761 1351 1848 ἑκατέρωθεν

341 1864 378 1932 δέ
400 1868 529 1953 φάραγξ
550 1872 671 1954 βαθεῖα
690 1867 744 1933 καὶ
764 1869 909 1952 σύσκιος,
932 1867 985 1934 καὶ
1006 1870 1060 1933 διά
1079 1867 1181 1952 μέσου
1198 1871 1350 1954 ποταμὸς

340 1972 382 2040 οὐ
404 1975 534 2059 τραχύς,
557 1971 628 2040 ἀλλ’
652 1975 696 2051 ὡς
718 1974 838 2060 ῥᾷστος
861 1974 999 2059 ἐμβῆναι
1021 1973 1076 2040 καὶ
1094 1973 1192 2059 βουσὶ
1210 1974 1267 2040 καλ
1287 1980 1349 2059 μό-

341 2096 447 2165 σχοις,
473 2081 510 2144 τὸ
535 2075 571 2144 δέ
593 2079 686 2164 ὕδωρ
709 2081 794 2144 πολὺ
817 2077 872 2144 καὶ
894 2083 1060 2164 καθαρόν,
1083 2081 1139 2144 άτε
1161 2089 1218 2163 τῆς
1239 2091 1351 2165 πηγῆς

342 2185 439 2269 ἐγγὺς
465 2183 702 2267 ἀναδιδούσης,
728 2182 783 2249 καὶ
810 2193 938 2268 πνεῦμα
965 2193 1024 2249 τοῦ
1050 2183 1173 2266 θέρους
1199 2183 1250 2250 ἀεὶ
1275 2187 1351 2250 δια·
1403 2227 1404 2266 4

341 2289 443 2357 πνέου
471 2291 527 2356 διά
553 2299 611 2373 τής
637 2291 819 2375 φάραγγος·
856 2291 891 2355 οἵ
914 2313 948 2354 τε
976 2293 1195 2373 περικείμενοι
1223 2291 1350 2376 δρυμοὶ

341 2397 480 2481 μαλακοί
499 2394 553 2461 καὶ
571 2395 779 2480 κατάρρυτοι,
796 2395 913 2478 ήκιστα
931 2391 991 2478 μέν
1011 2391 1143 2480 οἶστρον
1159 2395 1350 2481 τρέφοντες,

340 2503 455 2586 ήκιστα
485 2498 521 2566 δέ
548 2503 653 2585 ἀλλην
680 2501 754 2566 τινά
781 2501 909 2584 βλάβην
936 2504 1043 2584 βουσί.
1087 2499 1203 2566 πολλοὶ
1230 2498 1267 2566 δέ
1291 2503 1350 2568 καὶ

341 2608 502 2689 πάγκαλοι
532 2612 688 2691 λειμῶνες
717 2605 782 2670 ὑπὸ
809 2606 948 2689 ὑψηλοῖς
975 2628 1009 2669 τε
1036 2603 1090 2670 καὶ
1118 2605 1245 2690 ἀραιοῖς
1271 2607 1349 2673 δέν-

342 2715 456 2799 δρεσιν
480 2711 661 2796 ἀνειμένοι,
688 2709 743 2777 καὶ
765 2711 871 2776 πάντα
894 2712 994 2793 μεστά
1016 2711 1157 2796 βοτάνης
1179 2711 1350 2790 εὐθαλοῦς

342 2815 386 2883 δι’
406 2818 486 2882 ὅλου
504 2827 564 2883 τοῦ
582 2816 715 2901 θέρους,
734 2818 817 2882 ὥστε
836 2817 881 2900 μή
899 2818 1006 2881 πολὺν
1024 2821 1214 2882 πλανᾶσθαι
1231 2820 1348 2884 τόπον.

306 2919 390 2990 οῶν
420 2925 461 3007 δή
492 2923 586 2988 ἕνεκα
616 2925 771 3007 συνήθως
799 2921 867 2988 ἐκεῖ
890 2925 1095 2987 καθίστασαν
1121 2923 1181 3006 τήν
1209 2921 1348 3008 ἀγέλην·

342 3026 396 3094 καὶ
425 3029 546 3112 σχολήν
573 3029 709 3111 άγοντες
731 3027 794 3093 ἀπὸ
817 3038 883 3092 τῶν
906 3030 995 3110 βοῶν
1017 3028 1099 3111 πρὸς
1119 3030 1230 3112 θήραν
1253 3027 1348 3114 έτρά-

342 3151 463 3218 πησαν,
485 3135 522 3198 τὸ
541 3129 601 3216 μὲν
620 3133 726 3216 αὐτοί,
748 3137 784 3198 τὸ
805 3129 842 3198 δὲ
860 3131 914 3198 καὶ
933 3133 1011 3216 μετά
1029 3143 1149 3197 κυνῶν.
1186 3143 1348 3217 χειμῶνος

344 3237 380 3305 δὲ
410 3238 608 3316 ἐπελθόντος
637 3241 736 3324 ἔργον
765 3235 825 3323 μὲν
856 3234 956 3304 οὐδέν
983 3231 1024 3320 ήν
1051 3239 1197 3322 πεφηνὸς
1222 3236 1347 3320 αὐτοῖς,

343 3347 419 3412 οὔτε
441 3347 489 3422 είς
506 3344 592 3408 Ιἀστυ
615 3349 795 3429 καταβᾶσιν
818 3343 894 3410 οὔτε
917 3345 964 3418 είς
981 3343 1094 3425 κώμην
1113 3343 1199 3407 τινά·
1222 3343 1346 3427 φραξά-

343 3474 437 3534 μενοι
472 3447 508 3533 δδ
540 3451 597 3526 τὰς
629 3453 750 3532 σκηνάς
782 3447 1030 3532 ἐπιμελέστερον
1061 3449 1116 3511 καλ
1147 3449 1207 3530 τήν
1239 3448 1345 3532 αὐλήν

344 3553 548 3637 πυκνοτέραν
571 3556 779 3635 ποιήσαντες,
807 3553 892 3614 οὕτω
917 3549 1120 3634 διεγένοντο,
1147 3549 1201 3616 καὶ
1224 3553 1260 3616 τὸ
1283 3576 1345 3636 χω-
