3118 3962
365 182 407 245 10
702 187 750 236 111.
770 185 1028 237 ΠΛΟΤΤΑΡΧΟΣ.

362 343 479 426 φωνήν
511 345 632 426 εἰπεῖν,
664 343 715 408 ὅτι
747 341 874 408 ““οταν
906 342 986 428 γένη
1017 344 1099 407 κατὰ
1130 345 1168 408 τὸ
1198 343 1365 424 Παλῶδες,

328 467 343 514 3
363 446 579 531 ἀπάγγειλον,
606 449 656 514 ὅτι
681 450 757 514 Πάν
781 448 799 514 ό
822 446 922 532 μέγας
944 447 1115 532 τέθνηκε.”
1147 443 1248 514 ,τοῦτ’
1271 445 1366 512 ἀκού-

363 571 483 631 σαντας
509 554 527 620 ὁ
547 551 742 639 Ἐπιθέρσης
769 556 831 639 ἔφη
854 555 978 630 πάντας
1000 554 1215 640 ἐκπλαγῆναι,
1242 551 1365 619 καὶδι-

363 662 481 737 δόντας
512 657 642 736 ἑαυτοῖς
674 662 790 743 λόγον,
825 665 888 724 είτε
920 670 1055 744 ποιῆσαι
1085 660 1216 744 βέλτιον
1248 667 1298 743 εῖη
1327 662 1365 725 τὸ

361 764 644 850 προστεταγμένον
659 771 722 830 είτι
736 766 780 849 μή
795 770 1096 852 πολυπραγμονεῖν,
1105 764 1183 831 ’ἀλλ’
1196 765 1265 846 ἐᾶν,
1281 766 1366 833 οὕτω

363 882 487 955 γνῶναι
516 872 575 936 τὸν
603 874 755 953 Θαμοῦν,
788 869 846 935 έάν
873 867 934 955 μὲν
961 864 982 956 ᾗ
1010 882 1154 956 πνεῦμα,
1186 877 1368 957 παραπλεῖν

362 977 502 1062 ἡσυχίαν
531 979 665 1062 ἔχοντα,
696 979 852 1060 νηνεμίας
882 974 918 1042 δὲ
948 974 1003 1042 καὶ
1033 979 1177 1062 γαλήνης
1205 975 1280 1063 περὶ
1309 980 1368 1044 τὸν

362 1086 463 1148 τόπον
486 1080 665 1166 γενομένης
687 1079 835 1147 ἀνειπεῖν
858 1082 875 1148 δ
897 1085 1050 1166 ήκουσεν.
1087 1083 1132 1159 ὡς
1154 1078 1217 1148 οὖν
1239 1083 1367 1166 ἐγένετο

362 1189 442 1252 κατά
465 1189 501 1253 τὸ
526 1189 695 1271 Παλῶδες,
719 1189 794 1252 οῦτε
818 1191 1001 1272 πνεύματος
1025 1191 1121 1265 ὄντος
1143 1189 1218 1254 οῦτε
1242 1191 1367 1254 κλύδω-

147 1323 151 1402 ρ
361 1318 435 1378 νος,
461 1293 496 1360 ἐκ
518 1295 669 1379 πρύμνης
691 1293 854 1378 βλέποντα
876 1297 935 1360 τὸν
959 1299 1096 1380 Θαμοῦν
1118 1297 1201 1380 πρὸς
1221 1297 1282 1380 τὴν
1304 1306 1368 1379 γῆν

362 1402 482 1484 εἰπεῖν,
514 1401 623 1483 ὥσπερ
652 1401 811 1484 ἤκουσεν,
841 1401 892 1466 ὅτι
920 1403 938 1468 ὁ
966 1406 1066 1485 μέγας
1094 1403 1170 1466 Πάν
1196 1401 1367 1486 τέθνηκεν.

362 1506 403 1572 οὐ
426 1514 554 1592 φθῆναι
578 1503 615 1570 δὲ
637 1507 849 1591 παυσάμενον
873 1507 985 1590 αὐτόν,
1008 1506 1062 1572 καὶ
1086 1507 1242 1590 γενέσθαι
1265 1506 1368 1592 μέγαν

363 1613 423 1698 οὐχ
446 1611 531 1694 ἑνός,
554 1609 639 1677 ἀλλά
661 1618 794 1678 πολλῶν
818 1616 1001 1697 στεναγμὸν
1024 1615 1090 1698 άμα
1107 1621 1294 1700 θαυμασμῷ
1312 1639 1366 1698 με-

327 1715 547 1798 ιμειγμένον.
573 1708 627 1781 οἱα
644 1714 681 1783 δὲ
703 1724 837 1784 πολλῶν
863 1713 1052 1802 ἀνθρώπων
1074 1723 1264 1806 παρόντων,
1285 1725 1368 1805 ταχὺ
1413 1733 1414 1738 ’

362 1826 420 1889 τὸν
452 1827 553 1907 λόγον
585 1823 622 1890 έν
648 1822 754 1911 Ῥώμη
787 1828 1028 1908 σκεδασθῆναι,
1060 1824 1113 1892 καὶ
1143 1828 1201 1891 τὸν
1230 1830 1369 1910 Θαμοῦν

361 1929 518 2014 γενέσθαι
541 1931 767 2015 μετάπεμπτον
789 1931 853 1996 ὑπὸ
882 1934 1035 2014 Τιβερίου
1060 1934 1233 2014 Καίσαρος.
1280 1933 1369 1997 οὕτω

362 2033 399 2102 δὲ
421 2046 593 2102 πιστεῦσαι
615 2045 660 2122 τῷ
684 2039 772 2124 λόγῳ
795 2038 853 2102 τὸν
881 2035 1049 2120 Τιβέριον,
1076 2038 1159 2102 ὥστε
1182 2039 1370 2104 διαπυνθά-

361 2151 480 2208 νεσθαι
507 2141 561 2208 καλ
590 2145 696 2226 ζητεῖν
724 2141 799 2227 περὶ
826 2153 886 2208 τοῦ
909 2145 1036 2218 Πανός·
1068 2143 1207 2221 εἰκάζειν
1230 2140 1268 2209 δὲ
1290 2149 1372 2223 τοὺς

362 2247 436 2335 περὶ
463 2247 564 2315 αὐτὸν
592 2251 793 2334 φιλολόγους
820 2251 963 2334 συχνοὺς
990 2251 1087 2326 ὄντας
1112 2252 1170 2315 τὸν
1193 2249 1225 2328 ἐξ
1245 2248 1373 2336 Ἑρμοῦ

362 2353 417 2420 καὶ
444 2357 639 2439 Πηνελόπης
665 2353 928 2439 γεγεννημένον.’
951 2355 992 2421 ό
1023 2352 1084 2438 μέν
1113 2351 1176 2421 οὖν
1204 2361 1374 2436 Φίλιππος
1411 2391 1412 2400 ¹

362 2458 427 2546 εἶχε
460 2460 514 2526 καὶ
540 2473 607 2526 τῶν
634 2464 807 2543 παρόντων
835 2460 945 2538 ένίους
972 2461 1140 2547 μάρτυρας
1167 2464 1374 2546 Αἰμιλιανοῦ

362 2577 421 2633 τοῦ
444 2567 599 2652 γέροντος
621 2565 808 2652 ἀκηκοότας.

327 2692 343 2739 5
424 2671 460 2737 ‘0
492 2669 529 2738 δέ
557 2676 746 2758 Δημήτριος
777 2677 839 2759 ἔφη
872 2685 938 2739 τῶν
969 2672 1044 2758 περὶ
1077 2676 1137 2758 τήν
1165 2677 1375 2758 Βρεττανίαν
1410 2711 1411 2732 ι

363 2783 475 2863 νήσων
498 2775 583 2845 εἶναι
605 2780 728 2857 πολλάς
751 2779 892 2864 ἐρήμους
915 2780 1093 2864 σποράδας,
1116 2774 1163 2846 ὧν
1187 2780 1277 2858 ἐνίας
1298 2784 1375 2848 δαι-

363 2889 475 2970 μόνων
510 2884 565 2951 καὶ
601 2886 720 2970 ἡρώων
757 2886 993 2970 ὀνομάζεσθαι·
1029 2892 1169 2952 πλεῦσαι
1201 2882 1238 2951 δὲ
1270 2887 1377 2968 αὐτὸς

364 2993 508 3073 ίστορίας
535 2989 589 3056 καὶ
616 2990 697 3068 θέας
722 2990 816 3056 ἕνεκα
839 2999 950 3076 πομπῇ
973 3001 1034 3058 τοῦ
1056 2990 1216 3077 βασιλέως
1238 2995 1286 3070 είς
1309 2997 1377 3080 τήν

363 3102 495 3182 ἔγγιστα
524 3094 678 3181 κειμένην
709 3108 775 3162 τῶν
808 3096 955 3181 ἐρήμων,
987 3099 1128 3183 ἔχουσαν
1156 3098 1196 3164 οὐ
1223 3103 1378 3179 πολλοὺς

364 3204 591 3286 ἐποικοῦντας,
619 3203 729 3284 ίεροῦς
756 3198 793 3267 δὲ
820 3200 874 3267 καὶ
902 3202 1046 3280 ἀσύλους
1068 3204 1191 3280 πάντας
1213 3203 1278 3270 ὑπὸ
1303 3219 1378 3274 τῶν

363 3315 556 3394 Βρεττανῶν
584 3309 691 3385 ὄντας·
730 3307 932 3392 ἀφικομένου
961 3307 990 3373 δ’
1017 3309 1119 3376 αὐτοῦ
1148 3309 1267 3376 νεωστὶ
1292 3315 1378 3398 σύγ-

365 3433 460 3501 χυσιν
488 3415 632 3498 μεγάλην
659 3411 734 3497 περὶ
760 3416 820 3479 τὸν
847 3413 926 3499 ἀέρα
952 3412 1007 3479 καί
1035 3417 1224 3500 διοσημείας
1245 3423 1378 3498 πολλὰς

365 3518 521 3603 γενέσθαι
543 3517 598 3582 καὶ
620 3520 788 3602 πνεύματα
812 3529 1054 3604 καταρραγῆναι
1077 3520 1131 3586 καὶ
1154 3535 1267 3588 πεσεῖν
1289 3547 1378 3610 πρη-

146 1573 151 1662 ζ’

146 1666 151 1700 ί
