3118 3962
320 237 342 294 4
576 278 577 282 ,
674 238 696 292 Ῑ.
715 237 974 290 ΠΛΟΊΤΑΡΧΟΣ.

322 395 491 478 διατριβῆς
513 394 781 481 ἀποφοιτήσωσιν
803 398 886 462 ἔνιοι
908 400 1226 482 καταφρονήσαντες,
1247 394 1325 460 ἀπο-

321 501 512 584 λογούμεθα
537 499 592 566 καὶ
614 501 804 586 πλάσσομεν
827 505 932 579 αίτίας
953 501 1007 568 καλ
1031 505 1151 586 λόγους
1173 496 1256 585 ὑπὲρ
1279 495 1326 564 ὧν

322 601 392 668 οὐτ’
416 611 511 689 ἴσμεν
534 603 603 671 οὔτ’
626 605 750 672 είδέναι
772 617 942 692 προσῆκον
964 607 1044 692 ἡμῖν
1068 607 1153 691 ἐστι,
1179 628 1326 690 παραμυ-

320 710 482 794 θούμενοι
512 713 570 778 τὸν
601 711 803 796 ἐγκαλοῦντα
832 711 887 778 καλ
916 717 1104 798 πείθοντες,
1132 711 1174 779 οὐ
1200 716 1326 798 χαίρειν

322 815 447 893 ἐῶντες.

265 915 336 1014 ,Ηξβή
427 921 537 1012 Ἀὐτῷ
561 924 624 1009 γάρ
648 925 684 990 οί
703 935 834 1009 πρῶτον
857 922 1079 1010 ἀνιηρώτερον
1102 923 1215 1006 ἔσται’,

320 1029 476 1112 τοιαύτην
499 1033 609 1115 ἔχοντι
631 1027 705 1115 περὶ
729 1041 789 1095 τοῦ
811 1036 896 1096 θεοῦ
920 1029 1032 1113 δόξαν,
1054 1032 1136 1096 ὥστε
1154 1027 1247 1094 ταυτὶ
1265 1026 1326 1114 μέν

320 1133 360 1200 τά
382 1132 656 1220 προγεγραμμένα
679 1146 745 1200 τῶν
769 1147 895 1220 σοφῶν,
917 1136 954 1201 τὸ
974 1135 1100 1202 εΓνῶθι
1119 1133 1252 1200 σαυτόν’
1270 1133 1325 1200 καλ

320 1240 357 1304 τὸ
389 1235 525 1322 ’Μηδέν
560 1239 676 1324 ἀγαν’,
714 1239 937 1327 ἀποδέχεσθαι
967 1238 1022 1306 καλ
1053 1241 1235 1324 θαυμάζειν
1265 1240 1325 1326 οὐχ

320 1345 435 1428 ήκιστα
459 1345 514 1410 διὰ
537 1347 598 1430 τήν
621 1349 844 1431 βραχυλογίαν
867 1347 911 1423 ὡς
932 1347 1060 1412 πυκνὸν
1082 1343 1136 1411 καλ
1159 1348 1325 1434 σφυρήλα-

320 1475 379 1516 τον
405 1460 489 1516 νοῦν
517 1450 554 1517 έν
580 1451 681 1540 ὐλίγφ
708 1450 926 1537 περιέχουσαν
953 1453 1055 1540 όγκφ,
1084 1453 1162 1528 τούς
1188 1448 1226 1517 δὲ
1247 1477 1325 1538 χρη-

321 1557 439 1640 σμούς,
470 1557 520 1622 ότι
550 1560 719 1641 συντόμως
748 1555 803 1622 καὶ
832 1556 942 1634 ἁπλῶς
970 1555 1025 1623 καλ
1052 1555 1098 1622 δι’
1127 1557 1260 1636 εὐθείας
1284 1559 1325 1624 τά

286 1668 455 1728 επλείστα
486 1663 687 1748 φράζουσιν,
718 1666 897 1728 αίτιᾶσθαι.
942 1662 996 1730 καλ
1028 1664 1068 1729 τὰ
1098 1673 1233 1730 τοιαῦτα
1264 1660 1325 1748 μὲν

321 1766 561 1854 ἀποφθέγματα
583 1780 650 1835 τῶν
673 1781 787 1855 σοφῶν
809 1769 929 1835 ταύτὸν
951 1780 1021 1846 τοῖς
1042 1771 1089 1846 είς
1111 1770 1227 1836 στενὸν
1246 1783 1325 1834 σνν-

320 1878 466 1959 θλιβείσι
501 1873 648 1941 πέπονθε
686 1875 855 1960 ῥεύμασιν.
907 1875 948 1942 οὐ
979 1876 1042 1958 γάρ
1075 1877 1140 1960 ἔχει
1171 1885 1231 1941 τοῦ
1262 1886 1325 1942 νοῦ

322 1982 435 2059 δίοψιν
458 1977 537 2046 οὐδέ
561 1981 744 2063 διαύγειαν,
766 1979 838 2046 ἀλλ’
862 1980 920 2046 έάν
943 1990 1077 2066 σκοπῇς,
1098 1984 1133 2046 τί
1148 1979 1324 2066 γέγραπται

320 2084 375 2151 καλ
398 2085 543 2152 λέλεκται
565 2084 642 2171 περὶ
665 2086 775 2151 αὐτῶν
797 2097 865 2162 τοῖς
887 2087 976 2164 ὅπως
997 2085 1136 2154 ἕκαστον
1158 2089 1223 2171 ἔχει
1246 2091 1324 2171 βου-

186 2201 187 2204 ’
321 2189 472 2276 λομένοις
489 2198 704 2276 καταμαθεῖν,
722 2192 763 2258 οὐ
782 2192 906 2279 ῥᾳδίως
920 2193 1047 2258 τούτων
1062 2195 1182 2275 λόγους
1195 2190 1326 2277 ἑτέρους

320 2298 470 2382 εὑρήσεις
501 2295 730 2383 μακροτέρους.
775 2297 796 2380 ή
829 2293 866 2362 δέ
897 2305 954 2381 τής
982 2300 1117 2374 Πυθιας
1145 2298 1325 2380 διάλεκτος,

321 2405 430 2487 ὥσπερ
457 2404 493 2468 οί
517 2401 739 2488 μαθηματικοὶ
767 2403 922 2487 γραμμήν
945 2402 1081 2467 εὐθεῖαν
1103 2408 1241 2469 καλοῦσι
1263 2406 1325 2488 τήν

321 2508 494 2594 ἐλαχίστην
524 2521 591 2574 τῶν
619 2511 658 2575 τὰ
688 2510 771 2575 αὐτὰ
800 2507 922 2594 πέρατα
953 2507 1118 2594 ἐχουσῶν,
1150 2509 1254 2586 ούτως
1282 2511 1324 2575 οὐ

320 2625 460 2682 ποιοῦσα
483 2617 614 2699 καμπήν
638 2611 717 2680 οὐδὲ
735 2616 857 2681 κύκλον
877 2610 956 2680 οὐδὲ
975 2617 1116 2698 διπλόην
1134 2613 1206 2680 οὐδ’
1225 2613 1324 2699 ἀμφι-

320 2724 449 2804 βολίαν,
471 2719 555 2785 ἀλλὰ
577 2720 692 2786 εὐθεῖα
710 2722 793 2805 πρὸς
809 2721 870 2803 τήν
890 2719 1051 2804 ἀλήθειαν
1070 2715 1165 2802 οὐσα,
1186 2722 1269 2804 πρὸς
1286 2718 1324 2785 δέ

318 2830 430 2891 πίστιν
454 2823 639 2909 ἐπισφαλής
660 2821 715 2888 καὶ
741 2825 932 2900 ὑπεύθυνος
963 2823 1086 2892 οὐδένα
1117 2822 1193 2889 καθ’
1225 2826 1325 2909 αὐτῆς

320 2934 455 3017 ἔλεγχον
484 2933 560 3016 άχρι
587 2929 929 3015 νῦνπαραδέδωκεν,
958 2929 1182 3015 ἀναθημάτων
1210 2927 1247 2995 δέ
1269 2929 1323 2996 καὶ

319 3038 437 3122 δώρων
461 3035 643 3122 ἐμπέπληκε
666 3039 878 3121 βαρβαρικῶν
899 3033 954 3100 καλ
972 3033 1174 3120 Ἑλληνικῶν
1192 3037 1229 3100 τὸ
1247 3060 1323 3121 χρη-

320 3145 470 3228 στήριον,
502 3143 774 3227 οἰκοδομημάτων
803 3137 841 3206 δέ
869 3142 1002 3207 κάλλεσι
1031 3138 1085 3206 καὶ
1114 3153 1325 3219 κατασκευαῖς

284 3245 611 3334 εἈμφικτυονικαίς.
664 3248 761 3333 όρῶτε
798 3249 970 3331 δήπουθεν
1001 3244 1096 3312 αὐτοὶ
1126 3248 1232 3313 πολλὰ
1263 3243 1324 3331 μὲν

319 3352 532 3438 ἐπεκτισμένα
554 3365 620 3419 τῶν
641 3356 805 3439 πρότερον
827 3352 888 3419 οὐκ
911 3354 1035 3437 ὄντων,
1056 3353 1160 3417 πολλά
1184 3350 1215 3416 δ’
1237 3350 1324 3417 ἀνει-

319 3457 466 3543 λημμένα
490 3470 556 3524 τῶν
579 3457 831 3543 συγκεχυμένων
854 3455 908 3524 καλ
932 3456 1200 3543 διεφθαρμένων·
1224 3457 1269 3533 ὡς
1286 3453 1323 3521 δὲ

318 3575 388 3640 τοῖς
410 3563 567 3628 εὐθαλέσι
590 3575 656 3629 τῶν
680 3562 830 3649 δένδρων
853 3563 946 3650 ἕτερα
969 3564 1244 3648 παραβλαστάνει,
1268 3560 1323 3628 καὶ
