3118 3962
350 184 392 248 38
695 189 768 241 VIII.
787 188 1013 240 ΑΡΙΣΤΕΙΔΗΣ.

344 344 486 430 ἡμίτομα
513 347 573 425 ἐξω
600 348 790 432 προῦκειτο.
836 347 890 412 καί
917 350 1047 426 τούτοις
1073 348 1166 433 ἕτερα
1188 343 1232 413 αὖ
1254 365 1360 431 προσ-

345 450 492 518 ενέπιπτε
517 454 666 538 σώματα,
691 455 809 538 σκεύη,
832 457 935 538 λίθοι,
958 454 976 518 ὅ
999 479 1031 521 τι
1054 452 1178 543 ἑκάστῳ
1200 453 1318 539 φέρων
1343 455 1359 520 ὁ

345 560 477 641 σεισμὸς
493 557 670 640 ἀνέμειξεν.
706 561 742 624 οί
762 557 823 645 μέν
846 563 1070 645 προσεδόκων,
1093 561 1128 626 οί
1148 556 1185 625 δέ
1207 562 1287 636 τοὺς
1310 563 1360 625 οέ-

345 666 453 740 κείους
476 663 622 748 ἐζήτουν,
648 664 684 729 οί
706 661 735 729 δ’
761 663 822 729 οὐκ
845 660 935 749 εἶχον
958 660 1068 750 πότερ’
1091 664 1212 742 αὑτοὺς
1233 663 1255 749 ἢ
1279 669 1361 742 τοὺς

345 765 471 834 ἑαυτῶν
494 769 693 856 ὀδύρωνται·
725 772 760 836 οί
781 767 811 836 δ’
833 767 1014 858 ἀπῴμωζον
1037 772 1098 855 τὴν
1120 774 1235 854 πόλιν,
1264 771 1300 837 οί
1324 771 1357 836 δ’

345 872 584 960 ἐνεπίμπραντο
608 876 693 960 ὁμοῦ
718 888 783 942 τῶν
807 877 944 962 ὀροφῶν
967 875 1107 943 καὶτῶν
1126 875 1242 952 ἑστιῶν
1261 900 1359 960 γενο-

345 977 462 1063 μένων.
509 982 544 1046 οί
569 977 606 1046 δέ
634 984 755 1060 παῖδας
783 981 1015 1066 ἐξαρπάζοντες
1037 983 1132 1048 αὐτοὶ
1154 983 1359 1067 κατελαμβά-

310 1103 460 1169 ονοντο,
487 1087 522 1151 ολ
547 1085 578 1152 δ’
605 1085 743 1164 ἑαυτοὺς
773 1087 1040 1153 ἐπαπεκτίνννον.
1086 1089 1121 1153 οί
1141 1085 1202 1172 μὲν
1225 1087 1267 1152 οὐ
1290 1091 1357 1172 πρὸ

345 1196 470 1258 πολλοῦ
501 1192 682 1276 κληθέντες
713 1197 852 1278 νυμφίοι
885 1195 1008 1258 ἐκειντο
1041 1195 1088 1270 είς
1120 1188 1220 1258 οὐδὲν
1251 1196 1358 1259 καλὸν

346 1295 483 1384 ᾄσαντες
505 1301 563 1364 τὸν
585 1299 759 1383 ὑμέναιον,
782 1299 823 1364 οὐ
847 1296 966 1385 ῥᾴδιον
989 1310 1115 1383 γνῶναι
1137 1301 1278 1384 πότερον
1297 1299 1357 1364 αὐ-

346 1402 396 1470 τοὶ
424 1405 614 1490 δυστυχεῖς,
647 1403 667 1489 ἢ
696 1404 734 1482 ἃς
761 1405 938 1488 ἠγάγοντο·
971 1406 1008 1470 οί
1035 1402 1067 1470 δ’
1099 1403 1163 1470 ἀπὸ
1190 1405 1358 1489 θαλάττης

346 1510 583 1594 ἀναβεβηκότες
619 1511 680 1594 την
717 1507 872 1598 πατρςόαν
909 1507 1019 1576 ἑστίαν
1051 1508 1268 1595 ἀπιστοτέραν
1300 1521 1357 1596 τῆς

345 1617 510 1701 θαλάττης
527 1613 640 1702 εὗρον·
665 1619 700 1683 οί
719 1615 750 1682 δ’
768 1614 817 1682 ἐπ’
834 1616 1011 1700 ἀναγωγὴν
1030 1617 1228 1693 σπεύδοντες
1245 1623 1355 1684 τελευ-

346 1733 420 1788 ταία
448 1725 488 1806 δὴ
516 1727 587 1789 τότε
612 1730 750 1790 οίκοθεν
774 1722 949 1806 ἀνήγοντο,
972 1723 1220 1807 προκαταδύσης
1243 1724 1356 1802 αὐτοῖς

346 1837 402 1912 τῆς
423 1832 588 1914 πατρίδος.

304 1947 327 2000 [Ι
413 1938 549 2022 Κατεῐχε
568 1933 597 2000 δ’
617 1936 703 2020 ὁμοῦ
725 1937 858 2018 σεισμὸς
876 1935 1051 2020 θαλάττης,
1069 1933 1209 2019 νεφέλης
1222 1935 1356 2019 κτύπος,

346 2044 501 2126 οἰμωγαί,
530 2042 675 2123 πάταγος
698 2041 892 2124 πτωμάτων,
914 2050 973 2124 γῆς
996 2041 1217 2124 ἐκφυσήματα.
1263 2037 1356 2124 οἶμαι

346 2149 408 2232 γάρ
435 2148 511 2213 οὔτε
538 2150 616 2223 τοὺς
645 2143 727 2232 ὑπὲρ
752 2153 923 2230 Αίγυπτον
950 2146 1173 2231 καταρράκτας
1194 2145 1271 2210 οὔτε
1295 2148 1356 2230 τὴν

345 2262 402 2336 τῆς
433 2253 493 2330 ἐξω
525 2253 689 2337 θαλάττης
722 2253 841 2338 ῥαχίαν
869 2253 945 2318 οὔτε
973 2254 1136 2334 σκηπτοδς
1161 2254 1357 2336 πυρφόρους

346 2356 423 2425 ὥθ’
449 2357 499 2423 ὅτι
524 2363 680 2424 πλείστου
703 2359 778 2444 ἠχεῖ
797 2355 866 2422 κατ’
890 2357 1089 2442 ἀνθρώπους
1111 2365 1155 2446 τῷ
1180 2354 1245 2423 τότ’
1268 2353 1356 2423 εἶναι

345 2473 433 2552 κακῷ
456 2462 510 2529 καὶ
532 2465 644 2554 κτόπφ
666 2468 884 2549 παραβαλεῖν,
907 2462 943 2540 ὃς
967 2460 1000 2540 ἐξ
1024 2461 1178 2528 ἁπάντων
1201 2455 1248 2540 εἷς
1266 2463 1355 2548 ἡγεί-

310 2577 312 2584 ’
345 2595 419 2656 ρετο
448 2573 626 2654 συμμιγής,
653 2571 716 2654 την
741 2569 991 2654 ἀπροσδόκητον
1014 2567 1068 2634 καὶ
1091 2569 1209 2654 άγαριν
1232 2585 1354 2636 συναυ-

345 2682 421 2744 λίαν
443 2682 590 2762 πληρῶν,
614 2673 664 2761 ἐφ’
688 2669 709 2762 ᾗ
728 2673 841 2752 Ῥόδος
863 2674 1056 2761 ἐξωρμηκει·
1080 2677 1299 2759 συνενηνεκτό
1321 2699 1353 2742 τε

346 2787 392 2862 είς
410 2783 533 2848 ταύτὸν
551 2785 674 2867 νεκροί,
698 2785 815 2866 βωμοί,
839 2780 962 2864 στέγαι,
986 2783 1087 2864 κόνις,
1111 2772 1201 2865 αἷμα,
1224 2783 1354 2866 ἐπιπλα,

346 2893 476 2976 όροφοι,
498 2887 649 2972 θεμέλια,
673 2886 807 2971 οἰκέται,
830 2887 997 2970 δεσπόται,
1017 2884 1097 2979 μέλη
1118 2886 1289 2970 σωμάτων,
1308 2891 1352 2952 εί-

312 3001 453 3080 κκόνες,
476 2998 613 3078 σφαγαί,
636 2994 747 3078 τάφοι,
770 2995 895 3058 δεῖπνα.
937 2992 972 3057 oc
992 2987 1053 3076 μέν
1077 2992 1113 3058 ἐν
1136 3003 1205 3070 τοῖς
1227 2994 1353 3077 σώμασι

346 3113 412 3168 τῶν
439 3101 606 3187 φιλτάτων
636 3108 835 3182 σκηνοῦντες
861 3098 1050 3164 ἐλάνθανον
1078 3095 1231 3182 ἑαυτούς,
1260 3099 1296 3165 ol
1320 3103 1350 3165 δ’

347 3210 481 3294 ἐζήτουν
503 3207 543 3272 τά
566 3206 664 3271 λοιπά
688 3202 813 3270 ἑαυτῶν
836 3205 872 3270 οί
892 3201 953 3289 μὲν
976 3206 1095 3287 πόδας,
1118 3205 1154 3270 οί
1174 3200 1211 3270 δέ
1233 3216 1352 3290 χεῖρας,

348 3317 383 3381 οί
411 3311 442 3378 δ’
470 3313 488 3378 ό
511 3337 543 3377 τι
571 3311 704 3388 ἕκαστος
732 3310 887 3395 ἐπηρώθη
910 3321 970 3376 τοῦ
994 3311 1156 3394 σώματος,
1186 3307 1279 3377 οί·δέ
1300 3311 1353 3378 καί

252 3495 254 3500 ,
349 3417 560 3486 συνέθαπτον
583 3427 684 3482 ταῦτα
707 3428 776 3494 τοῖς
798 3420 941 3498 οἰκείοις,
964 3416 1000 3482 οί
1021 3412 1052 3480 δ’
1073 3416 1138 3481 ὑπὸ
1161 3427 1227 3481 τῶν
1249 3414 1351 3482 ἑκατέ-

350 3530 461 3614 ρωθεν
490 3521 700 3612 ἐμπεσόντων
729 3520 946 3606 συσχεθέντες
972 3523 1130 3606 ἦγχοντο,
1157 3521 1192 3587 οί
1216 3517 1254 3586 δὲ
1276 3525 1352 3608 πρό-
