3118 3962
590 233 649 284 XII.
669 231 865 284 ΔΘΗΝΔΙΟΣ,
1186 227 1226 290 61

180 391 426 472 δεησόμεθα·
450 388 504 455 καὶ
522 400 620 456 τοῦτο
640 390 681 455 οὐ
695 392 838 476 χαλεπὸν
853 387 889 454 έκ
901 399 958 473 τῆς
971 391 1081 474 κώμης
1094 388 1228 473 λαβεῖν]

182 499 431 578 παρειστήκει
460 493 496 561 δέ
525 497 605 582 αὐτή
633 501 775 580 πλησίον
798 497 816 562 ὁ
844 498 916 572 υίὸς
942 497 1024 580 πρὸς
1049 496 1108 560 τὸν
1135 496 1229 578 κηδε-

188 603 293 684 στὴν
335 600 544 686 ἀποβλέπων.
594 601 649 668 καί
679 603 715 680 ὃς
743 603 914 687 μειδιάσας
945 597 1051 667 εἶπεν·
1087 595 1230 682 Ὀὗτος’,

192 709 291 790 ἔφη,
325 706 433 773 εἐστὶν
459 709 478 775 ό
507 707 644 794 ἐπέχων·
673 715 751 784 ἴσως
778 709 841 793 γάρ
869 710 916 772 έτι
937 709 1092 792 βούλεται
1115 715 1229 771 πιᾶναι

194 814 270 896 τήν
295 808 371 879 ὗν.’
415 813 470 880 καὶ
497 817 535 881 τὸ
563 815 747 900 μειράκιον·
779 813 883 899 ‘Am
906 813 991 898 μέν’,
1019 809 1125 894 εἶπεν,
1153 811 1228 876 “ὑπὸ

197 929 271 982 τοῦ
310 925 432 997 λίπους
464 921 737 1006 θιαρραγήσεται.’
787 919 876 1004 κάγὼ
909 923 1111 1004 βουλόμενος
1139 917 1227 1005 αὐτῷ

203 1029 405 1108 βοηθῆσαι·
430 1024 547 1110 “’ορα’,
570 1030 666 1110 ἔφην,
676 1025 747 1114 ν’μή,
764 1025 825 1102 ἕως
842 1031 1005 1091 πιαίνεται
1023 1026 1044 1109 ή
1063 1021 1113 1108 ὗς,
1133 1021 1230 1099 οὗτος

205 1131 297 1214 ὑμῖν
324 1134 443 1208 λεπτὸς
464 1130 618 1216 γένηται.’
663 1131 683 1214 ἡ
708 1128 745 1196 δέ
768 1135 886 1216 μήτηρ·
915 1127 1099 1216 *Ἀληθῶςζ
1126 1126 1228 1210 εἶπεν,
1248 1147 1280 1194 10

210 1236 243 1300 ’ὁ
271 1235 371 1313 ξένος
394 1235 492 1320 λέγει,
515 1235 583 1302 ἐπεὶ
607 1235 662 1302 καὶ
684 1247 748 1302 νῦν
769 1239 960 1322 λεπτότερος
978 1237 1080 1302 αὑτοῦ
1098 1234 1227 1319 γέγονε·

211 1340 273 1406 καὶ
297 1339 417 1430 πρῴην
439 1333 673 1429 ᾐσθόμηντῆς
695 1346 814 1418 νυκτὸς
837 1343 937 1408 αὐτὸν
956 1342 1156 1428 ἐγρηγορότα
1174 1339 1228 1406 καὶ

214 1452 432 1531 προελθόντα
456 1448 516 1526 ε”ξω
540 1457 595 1532 τής
618 1449 760 1532 σκηνήςῖ
807 1449 865 1512 Ὁί
884 1448 1004 1531 κύνες’,
1031 1451 1110 1532 ἔφη,
1138 1447 1227 1512 ‘moi-

216 1577 335 1637 κτουν,
358 1552 412 1619 καὶ
432 1553 573 1637 έξήλθον
592 1553 774 1637 ὀψόμενος]
809 1554 871 1618 Ὃύ
890 1555 994 1638 σύγε’,
1012 1550 1114 1637 εἶπεν,
1134 1553 1227 1619 ’ἀλλὰ

219 1661 427 1745 περιεπάτεις
448 1658 569 1726 άλόων.
606 1663 650 1744 μή
670 1655 732 1725 οὖν
750 1663 852 1726 πλείω
871 1664 993 1746 χρόνον
1013 1660 1117 1744 ἐῶμεν
1135 1659 1227 1724 άνιᾶ-

222 1772 305 1830 σθαι
338 1766 459 1832 αὐτόν’
509 1763 563 1831 καὶ
595 1769 820 1850 περιβαλοῦσα
853 1765 986 1850 ἐφίλησε
1015 1768 1076 1850 τήν
1106 1764 1227 1850 μητέρα

223 1881 282 1955 τῆς
308 1874 415 1956 κόρης.
460 1871 481 1956 ή
509 1868 546 1936 δὲ
573 1873 655 1956 πρὸς
681 1873 740 1937 τὸν
768 1872 874 1957 άνόρα
896 1873 955 1936 τὸν
978 1869 1105 1955 έαυτής·
1134 1871 1227 1936 Ἥοι-

226 1975 336 2060 ῶμευ’,
361 1973 468 2059 εἶπεν,
491 1977 547 2054 “ὡς
569 1975 728 2042 θέλουσιῖ
774 1975 828 2042 καὶ
852 1976 943 2054 ἔδοξε
966 1986 1083 2056 ταῦτα,
1105 1975 1160 2042 καὶ
1183 1973 1226 2042 εί-

227 2103 302 2147 πον·
331 2083 400 2160 ‘Ele
426 2086 540 2168 τρίτην
563 2095 708 2167 ποιῶμεν
731 2085 808 2158 τοὺς
831 2083 974 2167 γάμονςῖ
1020 2083 1226 2168 παρεκάλουν

230 2185 267 2252 δὲ
288 2185 366 2272 κάμέ
387 2201 584 2275 προσμεῖναι
606 2190 667 2272 τήν
690 2187 825 2272 ἡμέραν.

466 2453 539 2520 XII.
569 2454 618 2518 De
641 2453 791 2518 Drimaco
815 2453 983 2537 praedone.

363 2573 475 2646 (Athen.
490 2573 529 2628 VI
547 2593 574 2644 p.
589 2574 783 2630 wsb—2660.
810 2574 844 2630 of.
859 2575 926 2627 fasc.
941 2573 991 2626 VII
1009 2591 1036 2644 p.
1052 2577 1088 2645 3).

298 2720 449 2803 Πρώτους
480 2717 544 2802 ἐγὼ
576 2730 642 2784 τῶν
672 2715 840 2802 Ἑλλήνων
873 2713 948 2782 οἶδα
980 2717 1259 2801 άργνρωνήτοιςι

241 2826 358 2900 δούλοις
379 2824 604 2910 χρησαμένους
626 2829 737 2908 Χίους,
761 2825 805 2900 ὡς
829 2825 953 2908 ἱστορεῖ
975 2827 1167 2908 Θεόπομπος
1190 2825 1225 2889 έν

241 2941 275 3017 νή
294 2929 407 3016 ἑβδόμη
425 2929 479 2994 καὶ
499 2932 617 3016 δεκάτη
635 2942 701 2995 τῶν
721 2932 888 3013 ἱστοριῶν·
913 2930 1000 2996 ’Χῖοι
1018 2942 1141 3014 πρῶτοι
1160 2941 1225 2994 τῶν

238 3035 387 3120 Ἑλλήνων
417 3037 496 3119 μετά
527 3039 710 3112 Θετταλοὺς
738 3033 792 3100 καὶ
821 3037 1104 3119 Λακεδαιμονίους
1133 3035 1226 3122 ἐχρή-

245 3161 330 3208 σαντο
354 3143 500 3224 δούλοις,
527 3143 588 3225 τήν
616 3140 727 3226 μέντοι
754 3150 869 3224 κτήσιν
892 3141 1001 3206 αὐτῶν
1024 3142 1064 3206 οὐ
1087 3144 1145 3207 τὸν
1167 3142 1225 3206 αὐ-

246 3250 295 3313 τὸν
310 3251 428 3332 τρόπον
452 3247 588 3324 ἐκείνοις
607 3248 855 3331 <έποιήσαυτο>.
888 3249 1146 3331 Λακεδαιμόνιοι
1165 3245 1260 3332 μένα

248 3355 299 3440 γάρ
325 3352 373 3418 καὶ
401 3353 557 3420 Θετταλοὶ
585 3355 790 3438 φανήσονται
818 3355 1138 3438 κατασκευασάμενοι
1164 3355 1225 3436 τήν

250 3463 379 3526 δουλείαν
409 3459 444 3526 έκ
473 3472 540 3526 τῶν
562 3456 731 3544 Ἑλλήνων
760 3471 826 3524 τῶν
856 3461 1037 3524 οἰκούντων
1064 3463 1224 3544 πρότερον

250 3568 298 3648 τήν
321 3569 437 3650 χώραν,
464 3566 505 3650 ἣν
534 3565 653 3631 ἐκεῖνοι
676 3575 740 3630 νῦν
764 3568 912 3648 ἔχουσιν,
941 3565 976 3628 οἱ
995 3561 1055 3646 μὲν
1074 3561 1225 3647 Ἀχαιῶν,
