3118 3962
304 197 348 260 60
381 199 383 203 “
581 201 627 254 x1.
650 199 738 252 Δανα
757 199 1037 252 Χενεοενοιιοτ.
1102 195 1104 199 ·

304 357 322 423 ὁ
337 353 374 423 δὲ
388 360 494 440 πατῆρ
506 341 572 422 Ισου
586 355 768 442 περιμένει,
781 355 846 423 ἔστ’
860 357 902 423 διν
918 359 1038 439 ίερείον
1049 363 1180 442 πρίηται
1194 379 1318 440 πορευ-

304 467 385 539 θείς.
427 465 480 528 δεῖ
500 464 563 546 γάρ
587 470 690 528 θῦσαι
713 476 782 540 τοῖς
804 464 919 540 θεοῖς’
957 460 1047 529 εἶπεν
1071 460 1133 530 οὖν
1156 465 1174 530 ὁ
1197 465 1319 528 νεώτε-
1409 492 1410 501 ¹

305 593 362 648 ρος
385 567 528 653 ἀδελφὸς
550 577 606 652 τῆς
628 572 743 652 κόρης·
769 566 871 634 “Am
895 571 1016 654 ίερεῑόν
1039 594 1075 652 γε
1098 570 1198 634 πάλαι
1217 565 1320 645 οὗτος
1410 567 1412 627 3

304 676 537 757 παρεσκεύακε,
560 673 615 739 καὶ
639 678 730 740 ἔστιν
754 677 853 740 ἔνδον
876 679 1081 761 τρεφόμενον
1099 677 1239 740 ὄπισθεν
1259 685 1319 759 τῆς
1412 718 1413 730 1

306 789 426 864 σκηνῆς
453 779 630 863 γενναίου.’
675 782 815 866 ῆρώτυν
843 777 905 846 οὖν
928 782 1043 847 αὐτόν·
1076 779 1268 864 ’Ἀληθῶςέ
1297 782 1318 847 ὁ

306 881 343 950 δὲ
366 887 437 970 ἔφη.
474 884 552 950 ’Καὶ
574 890 682 952 πόθεν
707 885 788 964 σοι;’
814 889 949 971 ἔφασαν.
987 886 1074 952 ΜΟτε
1097 889 1157 971 τὴν
1178 883 1222 952 ὗν
1242 887 1318 952 ἐλά-

305 995 408 1075 βομεν
438 992 498 1076 τῆν
528 993 568 1056 τά
598 992 697 1058 τέκνα
727 997 884 1078 ἔχουσαν,
915 995 954 1058 τά
984 990 1045 1077 μὲν
1074 995 1156 1059 άλλα
1187 991 1317 1078 διέδρα·

306 1095 360 1162 καί
383 1093 425 1180 ῆν
448 1099 609 1183 ταχύτερα
632 1107 692 1163 τοῦ
715 1100 819 1181 λαγώ·
846 1097 919 1176 ἑνὸς
942 1095 979 1163 δὲ
1002 1099 1065 1182 έγὼ
1090 1104 1174 1188 λίθῳ
1198 1101 1317 1184 ἔτυχον

306 1201 362 1267 καὶ
391 1204 503 1287 λαβὼν
530 1206 567 1269 τὸ
596 1202 701 1289 δέρμα
729 1203 905 1288 ἐπέβαλον·
937 1214 1034 1270 τοῦτο
1062 1205 1250 1289 ἠλλαξάμην
1280 1205 1318 1270 ε’ν
1414 1206 1415 1224 ’

306 1317 344 1394 τῆ
374 1310 467 1395 κώμη
496 1307 551 1374 καί
581 1311 703 1392 έλαβον
734 1308 806 1375 ἀντ’
834 1310 937 1376 αὐτοῦ
966 1323 1080 1395 χοίρου
1107 1309 1161 1376 καὶ
1189 1314 1319 1394 ἔθρεψα
1414 1319 1416 1364 ἓ

273 1417 447 1498 ιποιῆσας
469 1417 611 1481 ὄπισθεν
635 1415 781 1501 συφεόν.’
820 1416 968 1500 “Ταῦτα’,
990 1413 1093 1500 εἶπεν,
1115 1417 1190 1502 ’άρα
1212 1416 1233 1499 ἡ
1255 1421 1319 1500 μῆ-

306 1545 367 1604 τηρ
391 1536 452 1586 σου
476 1519 586 1604 ἐγέλα,
608 1521 705 1588 ὁπότε
727 1524 928 1606 θαυμάζοιμι
951 1522 1083 1588 ἀκούων
1101 1525 1320 1607 γρυλιζούσης

307 1635 364 1709 τῆς
390 1629 484 1710 συός,
512 1625 566 1692 καὶ
593 1629 650 1704 τάς
674 1629 795 1711 κριθάς
819 1629 923 1704 οὕτως
945 1627 1139 1712 άνῆλισκες.’
1185 1628 1234 1692 ‘aa‘
1252 1631 1320 1713 γάρ

308 1731 479 1816 εύβοΐδες’,
507 1729 623 1816 εἶπεν,
643 1733 714 1817 “ούχ
745 1732 854 1798 ίκαναί
881 1729 966 1817 ῆσαν
993 1743 1123 1817 πιᾶναι,
1151 1736 1181 1799 εί
1207 1737 1251 1818 μῆ
1280 1759 1320 1818 γε

249 1828 252 1833 ’
308 1837 475 1922 βαλάνους
505 1840 630 1922 ῆθελον
666 1838 802 1904 ἐσθίειν.
851 1837 939 1904 Ἀλλ’
974 1842 1005 1904 εί
1034 1842 1198 1923 βούλεσθε
1231 1843 1321 1906 ίδεῑν
1414 1919 1415 1932 ἢ

309 1944 424 2026 αύτῆν,
446 1943 512 2020 άξω
536 1943 735 2026 πορευθείς.’
778 1945 813 2008 οί
834 1940 870 2008 δέ
894 1942 1055 2009 ἐκέλευον.
1101 1944 1231 2029 άπῆσαν
1254 1941 1321 2011 οὖν

309 2050 433 2127 ἐκεῖνός
463 2073 497 2114 τε
530 2047 584 2113 καὶ
614 2050 650 2114 οί
678 2051 793 2125 παίδες
823 2049 967 2114 αὐτόθεν
997 2052 1110 2138 δρόμῳ
1139 2055 1321 2136 χαίροντες.

310 2155 346 2220 έν
375 2151 411 2220 δὲ
439 2156 544 2242 τούτῳ
573 2155 592 2237 ἡ
621 2153 793 2239 παρθένος
815 2155 982 2220 ἀναστᾶσα
1005 2154 1038 2233 ἐξ
1063 2153 1172 2240 ἑτέρας
1195 2167 1322 2241 σκηνῆς

310 2262 461 2346 ἐκόμισεν
489 2257 551 2326 οὖα
580 2260 761 2345 τετμημένα
789 2259 842 2325 καὶ
865 2259 1005 2344 μέσπιλα
1026 2259 1081 2326 καί
1104 2266 1190 2345 μῆλα
1212 2286 1322 2347 χειμε-

310 2369 387 2454 ρινά
413 2365 467 2432 καὶ
494 2375 551 2450 τῆς
579 2370 734 2449 γενναίας
762 2373 930 2453 σταφυλῆς
956 2370 1076 2453 βότρυς
1100 2379 1322 2452 σφριγῶντας,

309 2473 364 2541 καί
396 2477 517 2558 έθηκεν
549 2471 602 2538 ἐπὶ
633 2475 697 2557 τὴν
729 2474 904 2558 τράπεζαν,
936 2475 1149 2556 καταύῆσασα
1180 2475 1323 2557 φύλλοις

275 2597 291 2646 8
311 2581 374 2646 ἀπὸ
397 2592 464 2646 τῶν
487 2591 609 2661 κρεῶν,
633 2579 849 2662 ὑποβαλοῦσα
872 2579 1024 2662 καθαράν
1046 2581 1191 2664 πτερίδα.
1237 2573 1322 2662 ἧκον

311 2684 347 2752 δέ
377 2690 432 2752 καὶ
461 2688 497 2751 ολ
522 2687 637 2760 παῖδες
666 2685 726 2768 τῆν
756 2680 800 2750 ὗν
828 2686 964 2768 άγοντες
991 2684 1070 2768 μετὰ
1098 2683 1238 2766 γέλωτος
1265 2685 1321 2751 καὶ

310 2795 450 2870 παιδιᾶς.
490 2792 736 2875 συνηκολούθει
761 2788 797 2856 δὲ
819 2791 841 2874 ἡ
864 2793 968 2874 μῆτηρ
992 2800 1052 2855 τοῦ
1070 2793 1246 2855 νεανίσκου
1265 2791 1321 2856 καὶ

311 2897 449 2983 ἀδελφοὶ
473 2900 534 2962 δύο
557 2897 730 2977 παιδάρια·
754 2900 874 2981 έφερον
898 2893 935 2961 δέ
958 2897 1077 2979 άρτους
1099 2919 1133 2960 τε
1151 2899 1322 2980 καθαροὺς

310 3003 365 3070 καί
393 3001 441 3091 ᾠά
464 3002 553 3084 ἑφθά
577 3003 615 3068 έν
639 3005 785 3080 ξυλίνοις
806 3002 917 3080 πίναξι
940 3000 994 3066 καὶ
1018 3000 1213 3087 ἐρεβίνθους
1236 3025 1320 3086 φρυ-

310 3113 415 3187 κτούς.
440 3107 673 3193 άσπασαμένη
704 3105 740 3174 δὲ
768 3111 826 3175 τὸν
853 3107 999 3192 άδελφὸν
1026 3107 1046 3191 ἡ
1074 3109 1159 3192 γυνῆ
1182 3105 1237 3173 καί
1259 3109 1321 3192 τῆν

311 3217 494 3302 ἀδελφιδῆν
518 3212 688 3292 ἐκαθέζετο
712 3215 800 3295 παρὰ
823 3215 882 3278 τὸν
900 3213 1006 3296 άνδρα
1025 3209 1196 3296 αὐτῆςναί
1215 3207 1320 3277 εἶπεν·

277 3321 415 3388 νἽδοῦ
437 3323 474 3388 τὸ
499 3321 632 3404 ίερεϊον,
657 3318 675 3384 δ
699 3315 796 3396 οὗτος
818 3319 919 3384 πάλαι
942 3320 1078 3402 ἔτρεφεν
1100 3319 1147 3394 είς
1168 3321 1245 3394 τοὺς
1263 3319 1320 3402 γά-

312 3453 405 3513 μους,
428 3425 482 3492 καὶ
505 3427 607 3492 τᾶλλα
626 3427 665 3490 τά
684 3421 761 3508 παρ’
780 3424 874 3508 ἡμῶν
893 3422 1005 3506 ἕτοιμά
1025 3423 1104 3505 ἐστι,
1126 3423 1181 3488 καὶ
1199 3425 1318 3509 ἄλφιτα

313 3532 367 3598 καὶ
400 3535 523 3617 άλευρα
555 3534 747 3614 πεποίηται·
789 3533 896 3612 μόνον
929 3535 1007 3604 ίσως
1038 3531 1189 3611 οἰναρίου
1220 3548 1317 3611 προσ-
