3118 3962
719 251 779 302 VII.
798 249 990 304 ΔΙΟΔΩΡΟΣ.

702 481 1016 566 D10DORvs

358 616 468 672 Siculus
494 635 529 673 ex
554 618 658 701 oppido
681 618 786 688 Agyrio
813 621 891 674 ortus
916 617 1044 674 Caesaris
1069 621 1100 672 st
1121 617 1243 688 Augusti
1267 619 1355 672 aetate

358 687 459 745 floruit.
497 689 611 760 scripsit
634 689 838 744 bibliothecam
864 688 1026 744 historicam
1054 688 1112 743 sive
1137 706 1181 744 res
1207 689 1244 743 ab
1262 687 1357 742 ultima

359 759 530 827 antiquitate
552 777 640 828 usque
663 761 700 816 ad
724 759 851 816 Caesaris
875 762 999 814 aetatem
1021 762 1117 828 gestes
1139 758 1220 813 libris
1243 759 1356 828 quadra-

393 829 482 899 ginta,
504 847 622 900 quorum
641 831 759 885 dimidia
776 831 834 885 fere
853 847 918 900 pars
936 829 1040 884 iniuria
1058 833 1216 900 temporum
1233 829 1324 900 periit

450 1007 524 1075 VlL
554 1009 708 1096 Dioxippi
732 1009 941 1074 Atheniensis
963 1008 1074 1094 palma
1095 1013 1129 1075 et
1151 1009 1265 1075 clades.

731 1131 821 1202 (an
838 1147 863 1186 ο.
878 1133 988 1203 100sq.)

323 1270 337 1320 1
420 1251 634 1341 Ἀλέξανδρος
661 1254 839 1334 διασωθεὶς
867 1254 903 1321 έκ
929 1265 989 1322 τοῦ
1017 1258 1200 1342 τραύματος
1223 1253 1277 1322 καὶ
1298 1257 1360 1320 θό-

253 1358 418 1454 Οζρῆῑξχῖσας
445 1373 514 1437 τοῖς
539 1367 633 1439 θεοις
656 1365 800 1448 σωτήρια
823 1363 964 1446 μεγάλας
987 1360 1145 1440 ἑστιάσεις
1166 1373 1233 1428 τῶν
1254 1365 1361 1445 φίλων

286 1467 324 1506 ³2⁷
359 1465 509 1532 έποιείτο.
545 1469 633 1549 παρά
657 1464 693 1533 δέ
712 1471 771 1534 τὸν
788 1471 892 1534 πότου
910 1469 997 1533 ίδιόν
1014 1492 1046 1534 τι
1065 1467 1187 1553 συνέβη
1206 1465 1362 1552 γενέσθαι

356 1570 412 1637 καὶ
437 1575 565 1657 μνήμης
587 1572 690 1651 ἄξιον.
736 1573 773 1638 έν
795 1575 858 1658 γὰρ
881 1584 950 1650 τοῖς
973 1571 1113 1659 ἑταίροις
1135 1578 1363 1658 παραληφθείς

357 1702 407 1755 τις
428 1680 611 1762 Μακεδών,
639 1682 744 1764 ὄνομα
767 1682 934 1763 Κόραγος,
961 1679 1055 1765 ῥώμη
1078 1681 1227 1763 σώματος
1248 1679 1364 1764 διαφέ-
1419 1717 1420 1758 ;

358 1808 427 1866 ρων
449 1783 504 1850 καὶ
529 1785 686 1861 πολλάκις
709 1782 746 1849 ἐν
763 1793 834 1860 ταίς
851 1785 969 1870 μάχαις
986 1785 1260 1869 ηνδραγαθηκώς,
1281 1808 1362 1871 παρ-

358 1888 512 1968 οξυνθεὶς
540 1890 605 1956 ὑπὸ
637 1898 695 1974 τῆς
726 1887 831 1973 μέθης
862 1889 1103 1974 προεκαλέσατο
1135 1901 1365 1976 μονομαχῆσαι

358 1995 552 2074 Διώξιππον
581 1998 640 2062 τὸν
666 1992 864 2080 Ἀθηναῖον,
896 1995 1045 2081 ώθλητῆυ
1074 1997 1180 2081 ἄνδρα
1209 1994 1263 2062 καὶ
1294 2010 1367 2075 ταῖς

323 2120 339 2168 ν
359 2100 626 2186 ἐπιφανεστάταις
652 2105 760 2177 νίκαις
786 2099 1065 2186 ἐστεφανωμένον.
1110 2112 1177 2167 τῶν
1200 2098 1237 2166 δέ
1259 2123 1369 2187 παρα-

358 2207 567 2292 κεκλημένων
585 2205 637 2272 ἐπὶ
656 2209 715 2273 τὸν
733 2210 847 2290 πότον,
870 2207 914 2282 ὡς
931 2208 1029 2289 είκός,
1052 2207 1369 2291 συνεπιλαβομένου

358 2322 415 2397 τῆς
432 2316 619 2398 φιλοτιμίας
635 2311 690 2378 καὶ
704 2323 764 2378 τοῦ
777 2307 839 2396 μέν
853 2311 1047 2390 Διωξίππου
1062 2311 1371 2397 συγκαταθεμένου,

358 2429 418 2484 τοῦ
442 2413 478 2482 δέ
500 2416 660 2503 βασιλέως
682 2417 807 2502 ἡμέραν
825 2426 883 2502 τῆς
900 2417 1003 2502 μάχης
1020 2417 1186 2500 τάξαντος,
1209 2417 1252 2494 ώς
1270 2418 1290 2484 ὁ
1310 2429 1373 2503 τῆς

359 2527 560 2610 μονομαχίας
581 2527 700 2608 χρόνος
722 2519 792 2607 ἧκε,
814 2521 933 2588 πολλαὶ
956 2523 1113 2608 μυριάδες
1133 2521 1265 2606 ἀνδρῶν
1286 2542 1373 2590 συν-

324 2633 512 2716 τηχθησαν
548 2627 601 2695 tut
636 2629 697 2714 τὴν
733 2627 827 2694 θέαν.
878 2627 933 2694 καὶ
964 2641 1031 2693 τῶν
1063 2627 1124 2712 μὲν
1155 2630 1375 2696 Μακεδόνων

360 2737 534 2821 ὁμοεθνῶν
561 2737 668 2801 ὄντων
695 2745 740 2822 τῷ
765 2735 907 2821 Κοράγφ
935 2732 989 2799 καὶ
1019 2745 1078 2799 τοῦ
1100 2731 1260 2818 βασιλέως
1284 2753 1375 2819 συμ-

359 2839 654 2928 φιλοτιμουμένου,
676 2851 742 2905 τών
767 2836 803 2905 δέ
821 2837 990 2925 Ἑλλήνων
1013 2850 1057 2927 τῷ
1082 2838 1261 2927 Διωξίππῳ
1287 2857 1377 2905 συν-

360 2949 591 3031 αγωνιώντων,
612 2951 783 3030 προῆλθεν
806 2947 853 3022 είς
874 2947 932 3011 τὸν
950 2945 1062 3028 άχῶνα
1081 2945 1099 3011 ὁ
1118 2941 1178 3029 μέν
1196 2947 1378 3010 Μακεδὼν

359 3052 571 3120 πολυτελέσιν
595 3053 709 3129 ὅπλοις
730 3048 987 3135 κεκοσμημένος,
1014 3051 1032 3116 ό
1057 3047 1087 3114 δ’
1108 3048 1288 3134 Ἀθηναῖος
1312 3075 1379 3135 γυ-

324 3177 342 3225 4
360 3161 441 3245 μνὸς
455 3156 731 3244 ὑπαληλιμμένος,
745 3155 829 3241 ἔχων
844 3158 991 3241 ῥόπαλον
1005 3160 1199 3242 σύμμετρον.
1224 3154 1380 3240 ἀμφοτέ-

360 3289 428 3350 ρων
458 3260 496 3329 δὲ
522 3272 561 3349 τῆ
588 3285 623 3328 τε
650 3271 710 3328 τοῦ
739 3262 887 3346 σώματος
914 3259 1007 3345 ῥώμη
1034 3263 1089 3325 καί
1117 3269 1154 3344 τῆ
1182 3269 1239 3343 τῆς
1265 3261 1382 3347 άλκῆς

360 3370 503 3454 ὑπεροχῆ
526 3366 799 3451 θαυμαζομένων,
822 3367 930 3431 οίονεί
949 3389 998 3442 τις
1019 3369 1181 3451 θεομαχία
1199 3363 1381 3449 μέλλουσα

361 3478 514 3558 γίνεσθαι
543 3473 791 3557 προσεδοκήθη·
829 3471 847 3537 ὁ
878 3466 939 3554 μέν
965 3472 1028 3556 γάρ
1056 3472 1222 3536 Μακεδὼν
1250 3473 1313 3537 διά
1344 3497 1380 3538 τε

362 3581 423 3663 τὴν
442 3578 545 3662 φύσιν
563 3586 624 3641 τοῦ
643 3577 789 3659 σώματος
808 3574 863 3640 καὶ
877 3577 937 3658 τὴν
951 3580 1160 3661 λαμπρότητα
1174 3587 1239 3641 τῶν
1254 3577 1382 3644 ὅπλων
