3118 3962
512 197 558 248 n.
580 195 669 254 Διιεει
686 195 969 247 πενεοενοιιοε.
1202 190 1246 254 55

239 377 290 430 τις
307 365 373 418 τῶν
390 351 598 438 καθημένων.
627 353 786 420 “ούκοῦν
805 351 925 438 λέγω”,
944 355 1040 437 ἔφην,
1059 350 1133 416 “aa
1147 345 1248 416 οὐδέν

239 457 364 542 ἀληθές
382 457 471 524 ε’στιν
490 454 538 524 ὧν
557 467 697 545 εἴρηκεν.
733 458 797 543 ἐγώ
816 457 889 543 μέν,
912 453 937 522 ώ
957 459 1087 542 ἄνδρες,
1109 456 1248 522 ἐνύπνια

240 562 335 652 ᾤμην
359 564 452 649 ὁρῶν,
475 563 597 650 ἀγρούς
619 563 674 631 καὶ
696 565 808 649 κώμας
830 562 885 629 καλ
907 572 1042 630 τοιαῦτα
1060 567 1248 649 φλυαροῦν-

239 693 304 747 τος.
349 669 442 755 ἠμελς
469 667 505 736 δὲ
533 672 608 736 οὔτε
635 673 750 756 κώμην
777 673 894 755 ἔχομεν
922 670 997 736 ούτε
1024 670 1145 745 ἵππους
1172 667 1248 732 οὔτε

240 777 342 852 ὅνους
367 777 443 842 οὔτε
472 781 560 861 βοῦς.
606 783 678 843 εάθε
701 777 764 862 γάρ
786 772 830 861 ἠν
852 778 939 862 ἔχειν
962 775 1047 860 ἡμᾶς
1069 774 1130 841 ὅσα
1153 768 1250 850 οὗτος

241 885 354 964 ἔλεγεν
382 880 509 965 άγαθά,
535 883 592 947 ἰ’να
613 880 669 948 καὶ
691 881 771 966 ύμῖν
795 880 965 964 ἐδώκαμεν
987 876 1042 944 καὶ
1065 877 1160 944 αὐτοὶ
1181 890 1249 945 τῶν

240 990 412 1072 μακαρίων
434 982 526 1070 ἠμεν.
562 985 617 1052 καὶ
638 988 678 1052 τά
696 996 761 1052 νῦν
780 980 817 1050 ύέ
836 987 917 1051 ὄντα
933 984 1014 1069 ἠμῑν
1034 985 1130 1049 ώιανά
1149 983 1250 1067 ἐστιν,

241 1091 276 1170 έξ
295 1087 342 1157 ὧν
361 1098 395 1157 ελ
407 1116 439 1158 τι
456 1094 621 1177 βούλεσθε
641 1093 767 1177 λάβετε·
791 1091 854 1157 κάν
871 1091 978 1156 πάντα
992 1088 1139 1175 ἐθέλητε,
1156 1091 1251 1176 ἡμεῖς

241 1196 337 1282 ἔτερα
361 1197 583 1282 κτησόμεθα.”
629 1195 683 1264 έπὶ
705 1199 810 1287 τούτῳ
834 1193 872 1262 δέ
895 1205 940 1285 τῷ
964 1199 1052 1285 λόγῳ
1076 1193 1249 1284 έπήνεσαν.

309 1299 392 1368 Εἶτα
415 1303 565 1388 ἐπηρώτα
587 1327 626 1388 με
650 1304 669 1370 ὁ
691 1305 815 1390 άρχων,
836 1307 871 1368 τί
891 1304 1107 1386 δυνησόμεθα
1130 1305 1250 1368 δοῦναι
1270 1318 1301 1366 12

241 1418 288 1496 τῷ
313 1411 414 1498 ιλήμφ.
451 1409 554 1493 κάγώ·
578 1407 786 1492 “Τέτταρα”,
809 1411 905 1494 ἔφην,
928 1407 1087 1493 “έλάφεια
1106 1405 1250 1494 δέρματα

242 1516 332 1580 πάνυ
364 1515 479 1580 καλά”
525 1516 561 1582 os
590 1511 627 1582 θέ
659 1512 777 1581 πολλοὶ
809 1514 919 1580 αὐτῶν
951 1512 1119 1598 ἐγέλασαν.
1164 1514 1183 1580 ὁ
1213 1509 1251 1578 ὃέ

243 1622 356 1705 ἅρχων
378 1621 582 1705 ἠγανάκτησε
605 1624 687 1705 πρός
708 1644 758 1705 με.
783 1617 856 1686 “Tac
875 1622 938 1706 γάρ
957 1618 1123 1707 άρκτεια”,
1155 1621 1250 1704 ἔφην,

243 1726 394 1810 “σκληρά
417 1724 562 1792 ἐστικαὶ
585 1727 624 1791 τά
646 1726 780 1810 τράγεια
804 1725 865 1791 οὐκ
887 1725 961 1804 άξια
983 1727 1123 1809 τούτων,
1148 1727 1250 1790 τάλλα

244 1828 282 1896 ὃέ
309 1832 447 1914 παλαιά,
474 1833 513 1896 τά
541 1828 579 1897 δέ
601 1833 701 1917 μικρὰ
724 1832 846 1897 αὐτῶν·
875 1832 907 1896 εἰ
929 1827 966 1896 δὲ
988 1832 1169 1915 βούλεσθε,
1194 1830 1251 1897 κά-

243 1948 338 2002 κεῖνα
357 1935 505 2020 λάβετε.”
535 1937 635 2003 πάλιν
654 1933 716 2003 οὖν
733 1936 908 2022 ἠγανάκτει
926 1934 981 2002 καὶ
995 1939 1061 2022 ἔφη
1081 1960 1120 2021 με
1139 1937 1251 2021 άγροι-

244 2065 306 2108 κον
335 2037 421 2108 εἶναι
446 2047 620 2120 παντελῶς.
663 2042 753 2126 κάγώ
782 2041 952 2126 “Πάλιν”,
974 2038 1080 2125 εἷπον,
1104 2037 1171 2108 “αύ
1196 2039 1252 2108 καὶ

245 2150 288 2214 σὺ
307 2147 429 2232 ἀγροὺς
448 2147 566 2232 λέγεις;
590 2149 651 2215 οὐκ
669 2149 799 2226 ἀκούεις
818 2148 868 2215 ὅτι
882 2147 1005 2234 ἀγρούς
1019 2148 1080 2214 οὐκ
1094 2147 1250 2234 ἔχομεν;”

245 2255 263 2320 ὁ
288 2249 325 2318 δὲ
347 2253 458 2336 ἠρώτα
481 2278 532 2338 με,
555 2257 586 2320 εἰ
608 2266 700 2322 σῖτον
720 2257 837 2340 ἔχομεν
855 2251 910 2320 καὶ
927 2256 1033 2319 πόσον
1051 2254 1134 2319 τινά.
1158 2250 1252 2321 εἶπον
1272 2271 1304 2320 13

246 2360 305 2424 τὸν
324 2359 404 2424 ὄντα
420 2358 565 2444 άληθῶς·
585 2359 720 2444 “Δύο”,
731 2363 834 2445 1ἔφην,
854 2359 1056 2445 ε(μεδίμνους
1068 2371 1185 2448 πυρῶν
1198 2360 1253 2428 καὶ

245 2462 398 2550 τέτταρας
425 2472 554 2550 κριθῶν
580 2464 635 2532 καὶ
662 2467 841 2543 τοσούτους
866 2463 1028 2550 κέγχρων,
1056 2467 1193 2552 κυάμων
1216 2464 1252 2532 δὲ

246 2570 415 2654 ἠμίεκτον·
434 2570 475 2636 οὐ
494 2571 556 2657 γάρ
576 2570 729 2655 ἐγένοντο
748 2579 849 2654 τῆτες.
881 2572 959 2646 τοὺς
976 2566 1037 2656 μέν
1051 2567 1114 2638 οὖν
1126 2575 1253 2659 πυροὺς

246 2673 302 2741 καὶ
321 2675 377 2752 τάς
394 2677 548 2762 κριθάς”,
571 2680 665 2762 ἔφην,
685 2677 802 2762 “ύμεϊς
820 2676 947 2761 λάβετε,
964 2677 1022 2754 τάς
1040 2673 1078 2760 δὲ
1095 2676 1254 2764 κέγχρους

249 2780 330 2866 ἠμλν
348 2782 457 2866 άφετε.
488 2784 519 2848 εἰ
537 2779 574 2848 δὲ
591 2781 739 2869 κέγχρων
753 2785 879 2867 δεῖσθε,
896 2780 952 2848 καὶ
969 2783 1087 2861 ταύτας
1106 2783 1253 2868 λάβετε.”

249 2881 364 2952 “ούδέ
379 2882 473 2954 οἶνον
486 2888 645 2968 ποιεῖτε;”
668 2889 768 2967 άλλος
780 2913 829 2966 τις
842 2889 1000 2975 ἠρώτησε.
1025 2888 1254 2975 “Ποιοῶμεν”,

247 2989 352 3064 εἶπον.
389 2991 455 3058 “άν
477 2988 540 3059 οὖν
557 3018 606 3070 τις
623 2995 717 3079 ὑμῶν
736 2995 913 3080 άφίκηται,Ι
925 2996 1087 3079 δώσομεν·
1111 2995 1199 3073 ὅπως
1217 2992 1254 3061 δὲ

247 3099 318 3184 ἠξει
335 3098 448 3185 φέρων
467 3097 569 3165 άσκόν
581 3120 670 3164 τινα·
688 3100 781 3184 ἠμελς
794 3101 857 3186 γάρ
872 3101 932 3166 ούκ
946 3099 1096 3186 ἔχομεν.”
1120 3101 1254 3168 “Πύσαι

248 3206 311 3290 γάρ
330 3202 416 3282 τινές
434 3205 519 3270 ελσιν
538 3203 617 3289 ὑμῖν
636 3205 812 3289 άμπελοι;”
849 3205 948 3272 “Avo
967 3204 1063 3290 μέν”,
1082 3209 1178 3292 ἔφην,
1197 3207 1258 3272 “ai

247 3313 312 3396 πρὸ
339 3321 406 3376 τῶν
433 3316 566 3395 θυρῶν,
594 3316 671 3376 εἴσω
700 3307 737 3376 δὲ
764 3321 820 3395 τής
845 3311 948 3396 αύλής
969 3318 1086 3378 εἴκοσι·
1116 3310 1254 3379 καὶτοῦ

248 3426 398 3500 ποταμοῦ
416 3413 530 3500 πέραν,
550 3415 588 3494 ἃς
607 3419 743 3502 ἔναγχος
761 3416 997 3502 ἐφυτεύσαμεν,
1017 3417 1123 3503 ἔτεραι
1136 3429 1254 3484 τοσαῦ-

247 3541 315 3588 ται·
341 3519 405 3587 εἰσὶ
429 3518 465 3587 δὲ
488 3533 638 3606 γενναῖαι
661 3525 791 3607 σφόδρα
809 3520 864 3588 καὶ
882 3526 960 3600 τοὺς
977 3527 1097 3608 βότρυς
1115 3523 1255 3609 φέρουσι
1410 3599 1411 3657 ρ
