<?xml version="1.0" encoding="UTF-8"?>
<!DOCTYPE html PUBLIC "-//W3C//DTD XHTML 1.0 Transitional//EN"
    "http://www.w3.org/TR/xhtml1/DTD/xhtml1-transitional.dtd">
<html xmlns="http://www.w3.org/1999/xhtml" xml:lang="en" lang="en">
 <head>
  <title>
</title>
<meta http-equiv="Content-Type" content="text/html;charset=utf-8" />
  <meta name='ocr-system' content='tesseract 3.04.00' />
  <meta name='ocr-capabilities' content='ocr_page ocr_carea ocr_par ocr_line ocrx_word'/>
</head>
<body>
  <div class='ocr_page' id='page_1' title='image "./florilegiumgrae05petegoog_0053.png"; bbox 0 0 3118 3962; ppageno 0'>
   <div class='ocr_carea' id='block_1_1' title="bbox 483 211 1213 273">
    <p class='ocr_par' dir='ltr' id='par_1_1' title="bbox 483 211 1213 273">
     <span class='ocr_line' id='line_1_1' title="bbox 483 211 1213 273; baseline 0 -9"><span class='ocrx_word' id='word_1_1' title='bbox 483 216 529 267; x_wconf 85' lang='lat' dir='ltr'><strong><em>XI.</em></strong></span> <span class='ocrx_word' id='word_1_2' title='bbox 550 215 636 267; x_wconf 80' lang='grc' dir='ltr'><strong>ΔΙΩΝ</strong></span> <span class='ocrx_word' id='word_1_3' title='bbox 657 214 939 266; x_wconf 78' lang='grc' dir='ltr'><strong><em>ΧΡΤΣΟΣΤΟΜΟΣ.</em></strong></span> <span class='ocrx_word' id='word_1_4' title='bbox 1169 211 1213 273; x_wconf 78' lang='grc'><strong><em>49</em></strong></span> 
     </span>
    </p>
   </div>
   <div class='ocr_carea' id='block_1_2' title="bbox 136 369 1252 3703">
    <p class='ocr_par' dir='ltr' id='par_1_2' title="bbox 136 369 1250 3098">
     <span class='ocr_line' id='line_1_2' title="bbox 203 369 1213 459; baseline -0.004 -20"><span class='ocrx_word' id='word_1_5' title='bbox 203 397 275 452; x_wconf 87' lang='grc' dir='ltr'><strong><em>πως</em></strong></span> <span class='ocrx_word' id='word_1_6' title='bbox 301 376 356 440; x_wconf 78' lang='grc' dir='ltr'><strong><em>διὰ</em></strong></span> <span class='ocrx_word' id='word_1_7' title='bbox 383 376 442 440; x_wconf 91' lang='grc' dir='ltr'><strong><em>τὸν</em></strong></span> <span class='ocrx_word' id='word_1_8' title='bbox 464 369 547 459; x_wconf 77' lang='grc' dir='ltr'><strong><em>ἦχον</em></strong></span> <span class='ocrx_word' id='word_1_9' title='bbox 570 376 629 440; x_wconf 84' lang='grc' dir='ltr'><strong><em>τὸν</em></strong></span> <span class='ocrx_word' id='word_1_10' title='bbox 652 373 716 439; x_wconf 83' lang='grc' dir='ltr'><strong><em>ἀπὸ</em></strong></span> <span class='ocrx_word' id='word_1_11' title='bbox 740 381 796 456; x_wconf 80' lang='grc' dir='ltr'><strong><em>τῆς</em></strong></span> <span class='ocrx_word' id='word_1_12' title='bbox 818 373 991 457; x_wconf 78' lang='grc' dir='ltr'><strong><em>θαλάττης.</em></strong></span> <span class='ocrx_word' id='word_1_13' title='bbox 1036 371 1213 456; x_wconf 82' lang='grc' dir='ltr'><strong><em>προελθὼν</em></strong></span> 
     </span>
     <span class='ocr_line' id='line_1_3' title="bbox 205 477 1214 564; baseline -0.004 -19"><span class='ocrx_word' id='word_1_14' title='bbox 205 477 244 545; x_wconf 73' lang='grc' dir='ltr'><strong><em>δὲ</em></strong></span> <span class='ocrx_word' id='word_1_15' title='bbox 267 478 322 545; x_wconf 82' lang='grc' dir='ltr'><strong><em>καὶ</em></strong></span> <span class='ocrx_word' id='word_1_16' title='bbox 343 480 469 564; x_wconf 76' lang='grc' dir='ltr'><strong><em>προβὰς</em></strong></span> <span class='ocrx_word' id='word_1_17' title='bbox 491 480 579 544; x_wconf 77' lang='grc' dir='ltr'><strong><em>πάνυ</em></strong></span> <span class='ocrx_word' id='word_1_18' title='bbox 602 484 749 563; x_wconf 78' lang='grc' dir='ltr'><em>χαλεπῶς</em></span> <span class='ocrx_word' id='word_1_19' title='bbox 770 483 853 562; x_wconf 87' lang='grc' dir='ltr'><strong><em>πρός</em></strong></span> <span class='ocrx_word' id='word_1_20' title='bbox 874 502 906 543; x_wconf 92' lang='grc' dir='ltr'><strong><em>τι</em></strong></span> <span class='ocrx_word' id='word_1_21' title='bbox 927 478 1058 560; x_wconf 76' lang='grc' dir='ltr'><strong><em>ὑψηλὸν</em></strong></span> <span class='ocrx_word' id='word_1_22' title='bbox 1080 478 1158 553; x_wconf 89' lang='grc' dir='ltr'><strong><em>τούς</em></strong></span> <span class='ocrx_word' id='word_1_23' title='bbox 1179 499 1214 542; x_wconf 84' lang='grc' dir='ltr'><strong><em>τε</em></strong></span> 
     </span>
     <span class='ocr_line' id='line_1_4' title="bbox 139 577 1214 671; baseline -0.006 -19"><span class='ocrx_word' id='word_1_24' title='bbox 139 640 178 669; x_wconf 51' lang='lat'><strong><em>„2</em></strong></span> <span class='ocrx_word' id='word_1_25' title='bbox 204 587 308 663; x_wconf 88' lang='grc' dir='ltr'><strong><em>κύνας</em></strong></span> <span class='ocrx_word' id='word_1_26' title='bbox 331 586 398 671; x_wconf 84' lang='grc' dir='ltr'><strong><em>δρῶ</em></strong></span> <span class='ocrx_word' id='word_1_27' title='bbox 421 583 651 669; x_wconf 75' lang='grc' dir='ltr'><em>ἠπορημένους</em></span> <span class='ocrx_word' id='word_1_28' title='bbox 673 583 729 649; x_wconf 79' lang='grc' dir='ltr'><strong><em>καὶ</em></strong></span> <span class='ocrx_word' id='word_1_29' title='bbox 752 584 959 666; x_wconf 79' lang='grc' dir='ltr'><strong><em>διαθέοντας,</em></strong></span> <span class='ocrx_word' id='word_1_30' title='bbox 981 579 1038 667; x_wconf 84' lang='grc' dir='ltr'><strong><em>ὑφ’</em></strong></span> <span class='ocrx_word' id='word_1_31' title='bbox 1062 577 1109 646; x_wconf 81' lang='grc' dir='ltr'><strong><em>ὧν</em></strong></span> <span class='ocrx_word' id='word_1_32' title='bbox 1128 588 1214 646; x_wconf 85' lang='grc' dir='ltr'><strong><em>είκα-</em></strong></span> 
     </span>
     <span class='ocr_line' id='line_1_5' title="bbox 138 674 1214 778; baseline -0.009 -15"><span class='ocrx_word' id='word_1_33' title='bbox 138 674 176 764; x_wconf 55' lang='grc' dir='ltr'><strong><em>ίᾎᾷ</em></strong></span> <span class='ocrx_word' id='word_1_34' title='bbox 206 696 264 770; x_wconf 87' lang='grc' dir='ltr'><strong><em>ζον</em></strong></span> <span class='ocrx_word' id='word_1_35' title='bbox 291 687 496 776; x_wconf 72' lang='grc' dir='ltr'><strong><em>ἀποβιασθὲν</em></strong></span> <span class='ocrx_word' id='word_1_36' title='bbox 523 692 560 756; x_wconf 88' lang='grc' dir='ltr'><strong><em>τὸ</em></strong></span> <span class='ocrx_word' id='word_1_37' title='bbox 590 692 673 778; x_wconf 75' lang='grc' dir='ltr'><strong><em>ζῷον</em></strong></span> <span class='ocrx_word' id='word_1_38' title='bbox 701 688 840 755; x_wconf 79' lang='grc' dir='ltr'><strong><em>ἁλέσθαι</em></strong></span> <span class='ocrx_word' id='word_1_39' title='bbox 867 691 949 755; x_wconf 78' lang='grc' dir='ltr'><strong><em>κατὰ</em></strong></span> <span class='ocrx_word' id='word_1_40' title='bbox 971 698 1031 754; x_wconf 92' lang='grc' dir='ltr'><strong><em>τοῦ</em></strong></span> <span class='ocrx_word' id='word_1_41' title='bbox 1053 697 1214 773; x_wconf 94' lang='grc' dir='ltr'><strong><em>κρημνοῦ,</em></strong></span> 
     </span>
     <span class='ocr_line' id='line_1_6' title="bbox 203 792 1248 882; baseline -0.006 -19.392"><span class='ocrx_word' id='word_1_42' title='bbox 203 795 262 862; x_wconf 83' lang='grc' dir='ltr'><strong><em>καὶ</em></strong></span> <span class='ocrx_word' id='word_1_43' title='bbox 289 794 357 882; x_wconf 90' lang='grc' dir='ltr'><strong><em>μετ’</em></strong></span> <span class='ocrx_word' id='word_1_44' title='bbox 385 797 499 879; x_wconf 90' lang='grc' dir='ltr'><strong><em>ὀλίγον</em></strong></span> <span class='ocrx_word' id='word_1_45' title='bbox 527 797 645 878; x_wconf 82' lang='grc' dir='ltr'><strong><em>ἄνδρα,</em></strong></span> <span class='ocrx_word' id='word_1_46' title='bbox 658 794 842 878; x_wconf 79' lang='grc' dir='ltr'><strong><em>κυνηγέτην</em></strong></span> <span class='ocrx_word' id='word_1_47' title='bbox 865 795 929 861; x_wconf 84' lang='grc' dir='ltr'><strong><em>νἰπὸ</em></strong></span> <span class='ocrx_word' id='word_1_48' title='bbox 952 803 1010 877; x_wconf 78' lang='grc' dir='ltr'><strong><em>τῆς</em></strong></span> <span class='ocrx_word' id='word_1_49' title='bbox 1032 796 1138 872; x_wconf 79' lang='grc' dir='ltr'><strong><em>ὄψεως</em></strong></span> <span class='ocrx_word' id='word_1_50' title='bbox 1159 792 1248 859; x_wconf 70' lang='grc' dir='ltr'><strong><em>καλῶ</em></strong></span> 
     </span>
     <span class='ocr_line' id='line_1_7' title="bbox 138 896 1215 987; baseline -0.005 -18"><span class='ocrx_word' id='word_1_51' title='bbox 138 898 167 980; x_wconf 67' lang='grc' dir='ltr'>ἶ</span> <span class='ocrx_word' id='word_1_52' title='bbox 204 914 264 986; x_wconf 82' lang='grc' dir='ltr'><strong><em>τῆς</em></strong></span> <span class='ocrx_word' id='word_1_53' title='bbox 287 908 415 987; x_wconf 75' lang='grc' dir='ltr'><strong><em>στολῆς,</em></strong></span> <span class='ocrx_word' id='word_1_54' title='bbox 437 903 477 966; x_wconf 81' lang='grc' dir='ltr'><strong><em>τὰ</em></strong></span> <span class='ocrx_word' id='word_1_55' title='bbox 499 900 611 985; x_wconf 88' lang='grc' dir='ltr'><strong><em>γένεια</em></strong></span> <span class='ocrx_word' id='word_1_56' title='bbox 632 901 723 984; x_wconf 82' lang='grc' dir='ltr'><strong><em>ὑγιᾶ,</em></strong></span> <span class='ocrx_word' id='word_1_57' title='bbox 746 912 898 984; x_wconf 83' lang='grc' dir='ltr'><strong><em>κομῶντα</em></strong></span> <span class='ocrx_word' id='word_1_58' title='bbox 920 901 962 965; x_wconf 91' lang='grc' dir='ltr'><strong><em>ού</em></strong></span> <span class='ocrx_word' id='word_1_59' title='bbox 981 901 1116 984; x_wconf 88' lang='grc' dir='ltr'><strong><em>φαύλως</em></strong></span> <span class='ocrx_word' id='word_1_60' title='bbox 1135 896 1215 965; x_wconf 79' lang='grc' dir='ltr'><strong><em>ούδέ</em></strong></span> 
     </span>
     <span class='ocr_line' id='line_1_8' title="bbox 205 1000 1214 1092; baseline -0.005 -18"><span class='ocrx_word' id='word_1_61' title='bbox 205 1010 354 1092; x_wconf 76' lang='grc' dir='ltr'><strong><em>ἀγεννῶς</em></strong></span> <span class='ocrx_word' id='word_1_62' title='bbox 377 1007 560 1086; x_wconf 81' lang='grc' dir='ltr'><strong><em>ἐξόπισθεν.</em></strong></span> <span class='ocrx_word' id='word_1_63' title='bbox 606 1004 660 1072; x_wconf 78' lang='grc' dir='ltr'><strong><em>καὶ</em></strong></span> <span class='ocrx_word' id='word_1_64' title='bbox 684 1006 720 1082; x_wconf 82' lang='grc' dir='ltr'><strong><em>ὃς</em></strong></span> <span class='ocrx_word' id='word_1_65' title='bbox 742 1005 894 1090; x_wconf 79' lang='grc' dir='ltr'><strong><em>ἀνηρώτα</em></strong></span> <span class='ocrx_word' id='word_1_66' title='bbox 917 1026 970 1089; x_wconf 84' lang='grc' dir='ltr'><strong><em>με·</em></strong></span> <span class='ocrx_word' id='word_1_67' title='bbox 1001 1001 1102 1071; x_wconf 70' lang='grc' dir='ltr'><strong><em>υΑλλ’</em></strong></span> <span class='ocrx_word' id='word_1_68' title='bbox 1124 1001 1161 1088; x_wconf 77' lang='grc' dir='ltr'><strong><em>ἦ,</em></strong></span> <span class='ocrx_word' id='word_1_69' title='bbox 1189 1000 1214 1068; x_wconf 80' lang='grc' dir='ltr'>ὦ</span> 
     </span>
     <span class='ocr_line' id='line_1_9' title="bbox 205 1110 1214 1199; baseline -0.007 -18"><span class='ocrx_word' id='word_1_70' title='bbox 205 1115 296 1198; x_wconf 83' lang='grc' dir='ltr'><strong><em>ξένε,</em></strong></span> <span class='ocrx_word' id='word_1_71' title='bbox 322 1112 403 1199; x_wconf 78' lang='grc' dir='ltr'><strong><em>τῇδέ</em></strong></span> <span class='ocrx_word' id='word_1_72' title='bbox 426 1135 491 1178; x_wconf 90' lang='grc' dir='ltr'><strong><em>που</em></strong></span> <span class='ocrx_word' id='word_1_73' title='bbox 519 1113 686 1197; x_wconf 88' lang='grc' dir='ltr'><strong><em>φεύγοντα</em></strong></span> <span class='ocrx_word' id='word_1_74' title='bbox 714 1114 839 1196; x_wconf 84' lang='grc' dir='ltr'><strong><em>ἔλαφον</em></strong></span> <span class='ocrx_word' id='word_1_75' title='bbox 861 1115 1060 1196; x_wconf 85' lang='grc' dir='ltr'><strong><em>κατενόησας</em></strong></span> <span class='ocrx_word' id='word_1_76' title='bbox 1068 1110 1089 1190; x_wconf 85' lang='grc'><strong><em>;’</em></strong></span> <span class='ocrx_word' id='word_1_77' title='bbox 1124 1110 1214 1194; x_wconf 80' lang='grc' dir='ltr'><strong><em>κάγὼ</em></strong></span> 
     </span>
     <span class='ocr_line' id='line_1_10' title="bbox 138 1201 1213 1306; baseline -0.007 -19"><span class='ocrx_word' id='word_1_78' title='bbox 138 1201 168 1245; x_wconf 34' lang='lat' dir='ltr'><strong><em>m*</em></strong></span> <span class='ocrx_word' id='word_1_79' title='bbox 204 1223 290 1306; x_wconf 82' lang='grc' dir='ltr'><strong><em>πρὸς</em></strong></span> <span class='ocrx_word' id='word_1_80' title='bbox 316 1221 430 1285; x_wconf 88' lang='grc' dir='ltr'><strong><em>αὐτόν·</em></strong></span> <span class='ocrx_word' id='word_1_81' title='bbox 465 1213 646 1298; x_wconf 66' lang='grc' dir='ltr'><strong><em>“Έκείνος’,</em></strong></span> <span class='ocrx_word' id='word_1_82' title='bbox 674 1220 774 1301; x_wconf 92' lang='grc' dir='ltr'><strong><em>ἔφην,</em></strong></span> <span class='ocrx_word' id='word_1_83' title='bbox 802 1217 850 1282; x_wconf 68' lang='grc' dir='ltr'><strong><em>’ἐν</em></strong></span> <span class='ocrx_word' id='word_1_84' title='bbox 877 1227 922 1305; x_wconf 76' lang='grc' dir='ltr'><strong><em>τῷ</em></strong></span> <span class='ocrx_word' id='word_1_85' title='bbox 951 1219 1097 1283; x_wconf 91' lang='grc' dir='ltr'><strong><em>κλύδωνι</em></strong></span> <span class='ocrx_word' id='word_1_86' title='bbox 1123 1215 1213 1300; x_wconf 66' lang='grc' dir='ltr'><strong><em>ᾔδη’·</em></strong></span> 
     </span>
     <span class='ocr_line' id='line_1_11' title="bbox 204 1318 1214 1410; baseline -0.005 -18"><span class='ocrx_word' id='word_1_87' title='bbox 204 1326 261 1394; x_wconf 77' lang='grc' dir='ltr'><strong><em>καὶ</em></strong></span> <span class='ocrx_word' id='word_1_88' title='bbox 286 1326 419 1410; x_wconf 83' lang='grc' dir='ltr'><strong><em>ἀγαγὼν</em></strong></span> <span class='ocrx_word' id='word_1_89' title='bbox 443 1324 559 1402; x_wconf 81' lang='grc' dir='ltr'><strong><em>ἔδειξα.</em></strong></span> <span class='ocrx_word' id='word_1_90' title='bbox 597 1321 736 1400; x_wconf 85' lang='grc' dir='ltr'><strong><em>ἑλκύσας</em></strong></span> <span class='ocrx_word' id='word_1_91' title='bbox 758 1318 820 1388; x_wconf 85' lang='grc' dir='ltr'><strong><em>οὖν</em></strong></span> <span class='ocrx_word' id='word_1_92' title='bbox 844 1324 945 1389; x_wconf 86' lang='grc' dir='ltr'><strong><em>αὐτὸν</em></strong></span> <span class='ocrx_word' id='word_1_93' title='bbox 965 1322 1001 1388; x_wconf 90' lang='grc' dir='ltr'><strong><em>έκ</em></strong></span> <span class='ocrx_word' id='word_1_94' title='bbox 1018 1332 1075 1408; x_wconf 81' lang='grc' dir='ltr'><strong><em>τῆς</em></strong></span> <span class='ocrx_word' id='word_1_95' title='bbox 1092 1323 1214 1388; x_wconf 83' lang='grc' dir='ltr'><strong><em>θαλάτ-</em></strong></span> 
     </span>
     <span class='ocr_line' id='line_1_12' title="bbox 137 1428 1214 1517; baseline -0.004 -19"><span class='ocrx_word' id='word_1_96' title='bbox 137 1441 164 1481; x_wconf 69' lang='grc' dir='ltr'><strong><em>ῑ-”’</em></strong></span> <span class='ocrx_word' id='word_1_97' title='bbox 205 1458 265 1517; x_wconf 87' lang='grc' dir='ltr'><strong><em>της</em></strong></span> <span class='ocrx_word' id='word_1_98' title='bbox 291 1435 329 1496; x_wconf 87' lang='grc' dir='ltr'><strong><em>τό</em></strong></span> <span class='ocrx_word' id='word_1_99' title='bbox 355 1454 390 1496; x_wconf 86' lang='grc' dir='ltr'><strong><em>τε</em></strong></span> <span class='ocrx_word' id='word_1_100' title='bbox 418 1429 522 1515; x_wconf 89' lang='grc' dir='ltr'><strong><em>δέρμα</em></strong></span> <span class='ocrx_word' id='word_1_101' title='bbox 550 1429 689 1514; x_wconf 78' lang='grc' dir='ltr'><strong><em>ἐξέδειρε</em></strong></span> <span class='ocrx_word' id='word_1_102' title='bbox 712 1433 871 1516; x_wconf 78' lang='grc' dir='ltr'><strong><em>μαχαίρᾳ,</em></strong></span> <span class='ocrx_word' id='word_1_103' title='bbox 898 1428 1005 1513; x_wconf 82' lang='grc' dir='ltr'><strong><em>κάμοῦ</em></strong></span> <span class='ocrx_word' id='word_1_104' title='bbox 1028 1428 1214 1512; x_wconf 76' lang='grc' dir='ltr'><strong><em>συλλαμβά-</em></strong></span> 
     </span>
     <span class='ocr_line' id='line_1_13' title="bbox 138 1525 1214 1619; baseline -0.007 -14"><span class='ocrx_word' id='word_1_105' title='bbox 138 1525 159 1618; x_wconf 51' lang='lat' dir='ltr'><strong><em>s}</em></strong></span> <span class='ocrx_word' id='word_1_106' title='bbox 206 1561 325 1614; x_wconf 87' lang='grc' dir='ltr'><strong><em>νοντος</em></strong></span> <span class='ocrx_word' id='word_1_107' title='bbox 348 1537 428 1602; x_wconf 80' lang='grc' dir='ltr'><strong><em>ὅσον</em></strong></span> <span class='ocrx_word' id='word_1_108' title='bbox 451 1527 523 1612; x_wconf 82' lang='grc' dir='ltr'><strong><em>οἷός</em></strong></span> <span class='ocrx_word' id='word_1_109' title='bbox 543 1559 577 1600; x_wconf 90' lang='grc' dir='ltr'><strong><em>τε</em></strong></span> <span class='ocrx_word' id='word_1_110' title='bbox 600 1532 655 1619; x_wconf 77' lang='grc' dir='ltr'><strong><em>ἦν,</em></strong></span> <span class='ocrx_word' id='word_1_111' title='bbox 678 1533 732 1600; x_wconf 80' lang='grc' dir='ltr'><strong><em>καὶ</em></strong></span> <span class='ocrx_word' id='word_1_112' title='bbox 755 1547 823 1601; x_wconf 91' lang='grc' dir='ltr'><strong><em>τῶν</em></strong></span> <span class='ocrx_word' id='word_1_113' title='bbox 841 1540 967 1601; x_wconf 82' lang='grc' dir='ltr'><strong><em>σκελῶν</em></strong></span> <span class='ocrx_word' id='word_1_114' title='bbox 985 1533 1158 1618; x_wconf 78' lang='grc' dir='ltr'><strong><em>ἀποτεμὼν</em></strong></span> <span class='ocrx_word' id='word_1_115' title='bbox 1175 1535 1214 1598; x_wconf 81' lang='grc' dir='ltr'><strong><em>τδ</em></strong></span> 
     </span>
     <span class='ocr_line' id='line_1_14' title="bbox 137 1635 1250 1726; baseline -0.008 -16"><span class='ocrx_word' id='word_1_116' title='bbox 137 1665 150 1680; x_wconf 80' lang='grc'><strong><em>’·</em></strong></span> <span class='ocrx_word' id='word_1_117' title='bbox 208 1646 349 1709; x_wconf 88' lang='grc' dir='ltr'><strong><em>ὀπίσθια</em></strong></span> <span class='ocrx_word' id='word_1_118' title='bbox 372 1642 519 1726; x_wconf 77' lang='grc' dir='ltr'><strong><em>ἐκόμιζεν</em></strong></span> <span class='ocrx_word' id='word_1_119' title='bbox 542 1643 608 1725; x_wconf 78' lang='grc' dir='ltr'><strong><em>ἅμα</em></strong></span> <span class='ocrx_word' id='word_1_120' title='bbox 630 1665 675 1706; x_wconf 77' lang='grc' dir='ltr'><strong><em>τιν</em></strong></span> <span class='ocrx_word' id='word_1_121' title='bbox 700 1639 844 1726; x_wconf 82' lang='grc' dir='ltr'><strong><em>δέρματι.</em></strong></span> <span class='ocrx_word' id='word_1_122' title='bbox 880 1641 1055 1725; x_wconf 75' lang='grc' dir='ltr'><strong><em>παρεκάλει</em></strong></span> <span class='ocrx_word' id='word_1_123' title='bbox 1078 1637 1116 1705; x_wconf 82' lang='grc' dir='ltr'><strong><em>δέ</em></strong></span> <span class='ocrx_word' id='word_1_124' title='bbox 1133 1635 1250 1723; x_wconf 72' lang='grc' dir='ltr'><strong><em>κάμδι</em></strong></span> 
     </span>
     <span class='ocr_line' id='line_1_15' title="bbox 209 1742 1215 1831; baseline -0.005 -16.334"><span class='ocrx_word' id='word_1_125' title='bbox 209 1753 474 1815; x_wconf 79' lang='grc' dir='ltr'><strong><em>συνακολουθεῖν</em></strong></span> <span class='ocrx_word' id='word_1_126' title='bbox 497 1745 551 1813; x_wconf 79' lang='grc' dir='ltr'><strong><em>καί</em></strong></span> <span class='ocrx_word' id='word_1_127' title='bbox 575 1753 813 1812; x_wconf 84' lang='grc' dir='ltr'><strong><em>συνεστιᾶσθαι</em></strong></span> <span class='ocrx_word' id='word_1_128' title='bbox 835 1758 901 1812; x_wconf 93' lang='grc' dir='ltr'><strong><em>τῶν</em></strong></span> <span class='ocrx_word' id='word_1_129' title='bbox 925 1758 1043 1831; x_wconf 88' lang='grc' dir='ltr'><strong><em>κρεῶν·</em></strong></span> <span class='ocrx_word' id='word_1_130' title='bbox 1069 1742 1154 1811; x_wconf 83' lang='grc' dir='ltr'><strong><em>εἶναι</em></strong></span> <span class='ocrx_word' id='word_1_131' title='bbox 1178 1742 1215 1810; x_wconf 82' lang='grc' dir='ltr'><strong><em>δέ</em></strong></span> 
     </span>
     <span class='ocr_line' id='line_1_16' title="bbox 209 1850 1215 1941; baseline -0.004 -21"><span class='ocrx_word' id='word_1_132' title='bbox 209 1856 251 1921; x_wconf 92' lang='grc' dir='ltr'><strong><em>ού</em></strong></span> <span class='ocrx_word' id='word_1_133' title='bbox 278 1855 406 1941; x_wconf 79' lang='grc' dir='ltr'><strong><em>μακρὰν</em></strong></span> <span class='ocrx_word' id='word_1_134' title='bbox 433 1855 494 1938; x_wconf 77' lang='grc' dir='ltr'><strong><em>τὴν</em></strong></span> <span class='ocrx_word' id='word_1_135' title='bbox 522 1859 660 1937; x_wconf 74' lang='grc' dir='ltr'><strong><em>οἴκησιν.</em></strong></span> <span class='ocrx_word' id='word_1_136' title='bbox 707 1850 851 1917; x_wconf 67' lang='grc' dir='ltr'><strong><em>’Ἔπειτα</em></strong></span> <span class='ocrx_word' id='word_1_137' title='bbox 879 1852 986 1918; x_wconf 83' lang='grc' dir='ltr'><strong><em>ἕωθεν</em></strong></span> <span class='ocrx_word' id='word_1_138' title='bbox 1013 1851 1088 1938; x_wconf 85' lang='grc' dir='ltr'><strong><em>παρ’</em></strong></span> <span class='ocrx_word' id='word_1_139' title='bbox 1111 1850 1215 1936; x_wconf 79' lang='grc' dir='ltr'><strong><em>ἡμῖν’,</em></strong></span> 
     </span>
     <span class='ocr_line' id='line_1_17' title="bbox 209 1956 1215 2045; baseline -0.002 -20.135"><span class='ocrx_word' id='word_1_140' title='bbox 209 1964 284 2045; x_wconf 89' lang='grc' dir='ltr'><strong><em>ἔφη,</em></strong></span> <span class='ocrx_word' id='word_1_141' title='bbox 307 1958 490 2044; x_wconf 60' lang='grc' dir='ltr'><strong><em>’κοιμηθεὶς</em></strong></span> <span class='ocrx_word' id='word_1_142' title='bbox 511 1957 598 2042; x_wconf 75' lang='grc' dir='ltr'><strong><em>ἥξεις</em></strong></span> <span class='ocrx_word' id='word_1_143' title='bbox 621 1956 673 2023; x_wconf 82' lang='grc' dir='ltr'><strong><em>ἐπὶ</em></strong></span> <span class='ocrx_word' id='word_1_144' title='bbox 694 1960 755 2042; x_wconf 81' lang='grc' dir='ltr'><strong><em>τὴν</em></strong></span> <span class='ocrx_word' id='word_1_145' title='bbox 772 1960 954 2043; x_wconf 80' lang='grc' dir='ltr'><strong><em>θάλατταν,</em></strong></span> <span class='ocrx_word' id='word_1_146' title='bbox 976 1959 1021 2035; x_wconf 81' lang='grc' dir='ltr'><strong><em>ὡς</em></strong></span> <span class='ocrx_word' id='word_1_147' title='bbox 1038 1959 1077 2023; x_wconf 84' lang='grc' dir='ltr'><strong><em>τοί</em></strong></span> <span class='ocrx_word' id='word_1_148' title='bbox 1095 1982 1132 2041; x_wconf 89' lang='grc' dir='ltr'><strong><em>γε</em></strong></span> <span class='ocrx_word' id='word_1_149' title='bbox 1151 1967 1215 2024; x_wconf 91' lang='grc' dir='ltr'><strong><em>νῦν</em></strong></span> 
     </span>
     <span class='ocr_line' id='line_1_18' title="bbox 210 2061 1215 2150; baseline -0.004 -18"><span class='ocrx_word' id='word_1_150' title='bbox 210 2067 272 2132; x_wconf 85' lang='grc' dir='ltr'><strong><em>οὐκ</em></strong></span> <span class='ocrx_word' id='word_1_151' title='bbox 289 2069 358 2130; x_wconf 86' lang='grc' dir='ltr'><strong><em>ἔστι</em></strong></span> <span class='ocrx_word' id='word_1_152' title='bbox 375 2067 514 2149; x_wconf 84' lang='grc' dir='ltr'><strong><em>πλώιμα.</em></strong></span> <span class='ocrx_word' id='word_1_153' title='bbox 550 2061 605 2128; x_wconf 87' lang='grc' dir='ltr'><strong><em>καὶ</em></strong></span> <span class='ocrx_word' id='word_1_154' title='bbox 623 2065 668 2147; x_wconf 82' lang='grc' dir='ltr'><strong><em>μη</em></strong></span> <span class='ocrx_word' id='word_1_155' title='bbox 686 2063 809 2146; x_wconf 90' lang='grc' dir='ltr'><strong><em>τοῦτο’,</em></strong></span> <span class='ocrx_word' id='word_1_156' title='bbox 827 2061 908 2146; x_wconf 84' lang='grc' dir='ltr'><strong><em>εἷπε,</em></strong></span> <span class='ocrx_word' id='word_1_157' title='bbox 928 2065 1101 2150; x_wconf 63' lang='grc' dir='ltr'><strong><em>’φοβηθῇς</em></strong></span> <span class='ocrx_word' id='word_1_158' title='bbox 1137 2067 1215 2148; x_wconf 94' lang='grc' dir='ltr'><strong><em>βου-</em></strong></span> 
     </span>
     <span class='ocr_line' id='line_1_19' title="bbox 136 2163 1215 2255; baseline -0.002 -19"><span class='ocrx_word' id='word_1_159' title='bbox 136 2163 150 2202; x_wconf 65' lang='grc'><strong><em>””’</em></strong></span> <span class='ocrx_word' id='word_1_160' title='bbox 210 2174 329 2255; x_wconf 91' lang='grc' dir='ltr'><strong><em>λοίμην</em></strong></span> <span class='ocrx_word' id='word_1_161' title='bbox 354 2167 386 2235; x_wconf 87' lang='grc' dir='ltr'><strong><em>δ’</em></strong></span> <span class='ocrx_word' id='word_1_162' title='bbox 408 2170 450 2235; x_wconf 78' lang='grc' dir='ltr'><strong><em>ἔν</em></strong></span> <span class='ocrx_word' id='word_1_163' title='bbox 474 2173 575 2252; x_wconf 88' lang='grc' dir='ltr'><strong><em>ἔγωγε</em></strong></span> <span class='ocrx_word' id='word_1_164' title='bbox 599 2168 653 2234; x_wconf 83' lang='grc' dir='ltr'><strong><em>καὶ</em></strong></span> <span class='ocrx_word' id='word_1_165' title='bbox 677 2171 756 2253; x_wconf 80' lang='grc' dir='ltr'><strong><em>μετὰ</em></strong></span> <span class='ocrx_word' id='word_1_166' title='bbox 778 2167 874 2234; x_wconf 83' lang='grc' dir='ltr'><strong><em>πέντε</em></strong></span> <span class='ocrx_word' id='word_1_167' title='bbox 898 2169 1019 2255; x_wconf 73' lang='grc' dir='ltr'><strong><em>ἡμέρας</em></strong></span> <span class='ocrx_word' id='word_1_168' title='bbox 1042 2169 1134 2252; x_wconf 80' lang='grc' dir='ltr'><strong><em>λῆξαι</em></strong></span> <span class='ocrx_word' id='word_1_169' title='bbox 1157 2172 1215 2234; x_wconf 89' lang='grc' dir='ltr'><strong><em>τὸν</em></strong></span> 
     </span>
     <span class='ocr_line' id='line_1_20' title="bbox 141 2269 1215 2361; baseline -0.003 -19"><span class='ocrx_word' id='word_1_170' title='bbox 141 2269 175 2320; x_wconf 66' lang='grc'><strong><em>’·</em></strong></span> <span class='ocrx_word' id='word_1_171' title='bbox 210 2279 346 2360; x_wconf 79' lang='grc' dir='ltr'><strong><em>ἄνεμον·</em></strong></span> <span class='ocrx_word' id='word_1_172' title='bbox 370 2274 440 2340; x_wconf 84' lang='grc' dir='ltr'><strong><em>ἀλλ’</em></strong></span> <span class='ocrx_word' id='word_1_173' title='bbox 464 2276 505 2340; x_wconf 93' lang='grc' dir='ltr'><strong><em>ού</em></strong></span> <span class='ocrx_word' id='word_1_174' title='bbox 529 2272 672 2361; x_wconf 82' lang='grc' dir='ltr'><strong><em>ρᾴδιον’,</em></strong></span> <span class='ocrx_word' id='word_1_175' title='bbox 694 2271 797 2358; x_wconf 81' lang='grc' dir='ltr'><strong><em>εἶπεν,</em></strong></span> <span class='ocrx_word' id='word_1_176' title='bbox 820 2275 911 2340; x_wconf 66' lang='grc' dir='ltr'><strong><em>’ὅταν</em></strong></span> <span class='ocrx_word' id='word_1_177' title='bbox 931 2275 1017 2340; x_wconf 87' lang='grc' dir='ltr'><strong><em>ούτω</em></strong></span> <span class='ocrx_word' id='word_1_178' title='bbox 1036 2283 1158 2360; x_wconf 75' lang='grc' dir='ltr'><strong><em>πιεσθῇ</em></strong></span> <span class='ocrx_word' id='word_1_179' title='bbox 1176 2277 1215 2341; x_wconf 78' lang='grc' dir='ltr'><strong><em>τὰ</em></strong></span> 
     </span>
     <span class='ocr_line' id='line_1_21' title="bbox 136 2381 1216 2467; baseline -0.001 -21"><span class='ocrx_word' id='word_1_180' title='bbox 136 2381 144 2433; x_wconf 71' lang='grc' dir='ltr'><strong><em>Ῐ’</em></strong></span> <span class='ocrx_word' id='word_1_181' title='bbox 210 2384 294 2467; x_wconf 85' lang='grc' dir='ltr'><strong><em>ίίκρα</em></strong></span> <span class='ocrx_word' id='word_1_182' title='bbox 321 2391 378 2464; x_wconf 80' lang='grc' dir='ltr'><strong><em>τῆς</em></strong></span> <span class='ocrx_word' id='word_1_183' title='bbox 400 2381 546 2464; x_wconf 84' lang='grc' dir='ltr'><strong><em>Εὐβοίας</em></strong></span> <span class='ocrx_word' id='word_1_184' title='bbox 567 2381 632 2446; x_wconf 86' lang='grc' dir='ltr'><strong><em>ὑπὸ</em></strong></span> <span class='ocrx_word' id='word_1_185' title='bbox 655 2391 722 2446; x_wconf 85' lang='grc' dir='ltr'><strong><em>τῶν</em></strong></span> <span class='ocrx_word' id='word_1_186' title='bbox 743 2392 872 2464; x_wconf 89' lang='grc' dir='ltr'><strong><em>νεφῶν,</em></strong></span> <span class='ocrx_word' id='word_1_187' title='bbox 899 2381 943 2457; x_wconf 81' lang='grc' dir='ltr'><strong><em>ὥς</em></strong></span> <span class='ocrx_word' id='word_1_188' title='bbox 965 2405 1002 2464; x_wconf 88' lang='grc' dir='ltr'><strong><em>γε</em></strong></span> <span class='ocrx_word' id='word_1_189' title='bbox 1024 2391 1089 2447; x_wconf 90' lang='grc' dir='ltr'><strong><em>νῦν</em></strong></span> <span class='ocrx_word' id='word_1_190' title='bbox 1111 2405 1216 2446; x_wconf 90' lang='grc' dir='ltr'><strong><em>κατει-</em></strong></span> 
     </span>
     <span class='ocr_line' id='line_1_22' title="bbox 141 2483 1250 2573; baseline -0.005 -21"><span class='ocrx_word' id='word_1_191' title='bbox 141 2493 144 2514; x_wconf 71' lang='lat'>³</span> <span class='ocrx_word' id='word_1_192' title='bbox 211 2486 359 2570; x_wconf 88' lang='grc' dir='ltr'><strong><em>λημμένα</em></strong></span> <span class='ocrx_word' id='word_1_193' title='bbox 383 2487 483 2573; x_wconf 61' lang='grc' dir='ltr'><strong><em>ὁρᾷς]</em></strong></span> <span class='ocrx_word' id='word_1_194' title='bbox 530 2485 594 2570; x_wconf 81' lang='grc' dir='ltr'><strong><em>ἐγὼ</em></strong></span> <span class='ocrx_word' id='word_1_195' title='bbox 618 2483 654 2550; x_wconf 72' lang='grc' dir='ltr'><strong><em>δὲ</em></strong></span> <span class='ocrx_word' id='word_1_196' title='bbox 677 2486 818 2569; x_wconf 76' lang='grc' dir='ltr'><strong><em>ἅσμενος</em></strong></span> <span class='ocrx_word' id='word_1_197' title='bbox 840 2486 1065 2570; x_wconf 76' lang='grc' dir='ltr'><strong><em>ἠκολούθουν·</em></strong></span> <span class='ocrx_word' id='word_1_198' title='bbox 1089 2488 1129 2552; x_wconf 93' lang='grc' dir='ltr'><strong><em>ού</em></strong></span> <span class='ocrx_word' id='word_1_199' title='bbox 1152 2489 1250 2572; x_wconf 78' lang='grc' dir='ltr'><strong><em>γὰρσ</em></strong></span> 
     </span>
     <span class='ocr_line' id='line_1_23' title="bbox 137 2588 1216 2677; baseline 0.002 -21"><span class='ocrx_word' id='word_1_200' title='bbox 137 2588 141 2622; x_wconf 66' lang='lat'><em>³</em></span> <span class='ocrx_word' id='word_1_201' title='bbox 211 2592 493 2676; x_wconf 79' lang='grc' dir='ltr'><strong><em>ἐπιβουλευθῆναί</em></strong></span> <span class='ocrx_word' id='word_1_202' title='bbox 522 2613 599 2656; x_wconf 89' lang='grc' dir='ltr'><strong><em>ποτε</em></strong></span> <span class='ocrx_word' id='word_1_203' title='bbox 633 2593 759 2673; x_wconf 86' lang='grc' dir='ltr'><strong><em>ἔδεισα,</em></strong></span> <span class='ocrx_word' id='word_1_204' title='bbox 791 2589 891 2657; x_wconf 77' lang='grc' dir='ltr'><strong><em>ούδέν</em></strong></span> <span class='ocrx_word' id='word_1_205' title='bbox 923 2595 1006 2677; x_wconf 80' lang='grc' dir='ltr'><strong><em>ἔχων</em></strong></span> <span class='ocrx_word' id='word_1_206' title='bbox 1038 2592 1058 2676; x_wconf 75' lang='grc' dir='ltr'>ἢ</span> <span class='ocrx_word' id='word_1_207' title='bbox 1086 2599 1216 2676; x_wconf 90' lang='grc' dir='ltr'><strong><em>φαῦλον</em></strong></span> 
     </span>
     <span class='ocr_line' id='line_1_24' title="bbox 136 2693 1216 2782; baseline 0.001 -21"><span class='ocrx_word' id='word_1_208' title='bbox 136 2693 141 2706; x_wconf 79' lang='grc'><strong><em>’</em></strong></span> <span class='ocrx_word' id='word_1_209' title='bbox 213 2699 351 2781; x_wconf 79' lang='grc' dir='ltr'><strong><em>ἱμάτιον.</em></strong></span> <span class='ocrx_word' id='word_1_210' title='bbox 387 2693 430 2780; x_wconf 72' lang='grc' dir='ltr'><strong><em>ἦν</em></strong></span> <span class='ocrx_word' id='word_1_211' title='bbox 453 2694 489 2763; x_wconf 78' lang='grc' dir='ltr'><strong><em>δὲ</em></strong></span> <span class='ocrx_word' id='word_1_212' title='bbox 509 2699 627 2781; x_wconf 79' lang='grc' dir='ltr'><strong><em>σχεδόν</em></strong></span> <span class='ocrx_word' id='word_1_213' title='bbox 646 2721 677 2761; x_wconf 92' lang='grc' dir='ltr'><strong><em>τι</em></strong></span> <span class='ocrx_word' id='word_1_214' title='bbox 695 2695 769 2778; x_wconf 82' lang='grc' dir='ltr'><strong><em>περὶ</em></strong></span> <span class='ocrx_word' id='word_1_215' title='bbox 788 2699 827 2761; x_wconf 84' lang='grc' dir='ltr'><strong><em>τὰ</em></strong></span> <span class='ocrx_word' id='word_1_216' title='bbox 845 2699 1081 2782; x_wconf 77' lang='grc' dir='ltr'><strong><em>τετταράκοντα</em></strong></span> <span class='ocrx_word' id='word_1_217' title='bbox 1100 2699 1216 2763; x_wconf 88' lang='grc' dir='ltr'><strong><em>στοίδια</em></strong></span> 
     </span>
     <span class='ocr_line' id='line_1_25' title="bbox 136 2797 1216 2888; baseline 0 -20"><span class='ocrx_word' id='word_1_218' title='bbox 136 2797 138 2822; x_wconf 53' lang='grc'><strong><em>’</em></strong></span> <span class='ocrx_word' id='word_1_219' title='bbox 211 2807 293 2886; x_wconf 86' lang='grc' dir='ltr'><strong><em>πρὸς</em></strong></span> <span class='ocrx_word' id='word_1_220' title='bbox 309 2806 347 2868; x_wconf 90' lang='grc' dir='ltr'><strong><em>τὸ</em></strong></span> <span class='ocrx_word' id='word_1_221' title='bbox 365 2807 496 2888; x_wconf 83' lang='grc' dir='ltr'><strong><em>χωρίου.</em></strong></span> <span class='ocrx_word' id='word_1_222' title='bbox 529 2803 573 2879; x_wconf 80' lang='grc' dir='ltr'><strong><em>ὡς</em></strong></span> <span class='ocrx_word' id='word_1_223' title='bbox 591 2798 654 2868; x_wconf 84' lang='grc' dir='ltr'><strong><em>οὖν</em></strong></span> <span class='ocrx_word' id='word_1_224' title='bbox 673 2802 878 2887; x_wconf 83' lang='grc' dir='ltr'><strong><em>ἐβαδίζομεν,</em></strong></span> <span class='ocrx_word' id='word_1_225' title='bbox 899 2805 1043 2886; x_wconf 81' lang='grc' dir='ltr'><strong><em>διηγεῖτό</em></strong></span> <span class='ocrx_word' id='word_1_226' title='bbox 1062 2828 1118 2887; x_wconf 90' lang='grc' dir='ltr'><strong><em>μοι</em></strong></span> <span class='ocrx_word' id='word_1_227' title='bbox 1136 2805 1216 2869; x_wconf 76' lang='grc' dir='ltr'><strong><em>κατὰ</em></strong></span> 
     </span>
     <span class='ocr_line' id='line_1_26' title="bbox 136 2907 1217 2994; baseline 0 -20"><span class='ocrx_word' id='word_1_228' title='bbox 136 2927 137 2932; x_wconf 75' lang='grc'><strong><em>’</em></strong></span> <span class='ocrx_word' id='word_1_229' title='bbox 211 2911 272 2992; x_wconf 78' lang='grc' dir='ltr'><strong><em>την</em></strong></span> <span class='ocrx_word' id='word_1_230' title='bbox 296 2909 376 2975; x_wconf 88' lang='grc' dir='ltr'><strong><em>ὁδὸν</em></strong></span> <span class='ocrx_word' id='word_1_231' title='bbox 393 2909 433 2973; x_wconf 81' lang='grc' dir='ltr'><strong><em>τὰ</em></strong></span> <span class='ocrx_word' id='word_1_232' title='bbox 452 2909 555 2974; x_wconf 88' lang='grc' dir='ltr'><strong><em>αὑτοῦ</em></strong></span> <span class='ocrx_word' id='word_1_233' title='bbox 573 2909 745 2994; x_wconf 78' lang='grc' dir='ltr'><strong><em>πράγματα</em></strong></span> <span class='ocrx_word' id='word_1_234' title='bbox 763 2907 894 2974; x_wconf 83' lang='grc' dir='ltr'><strong><em>καὶτὸν</em></strong></span> <span class='ocrx_word' id='word_1_235' title='bbox 913 2913 988 2993; x_wconf 91' lang='grc' dir='ltr'><strong><em>βίον</em></strong></span> <span class='ocrx_word' id='word_1_236' title='bbox 1007 2909 1047 2973; x_wconf 84' lang='grc' dir='ltr'><strong><em>ὃν</em></strong></span> <span class='ocrx_word' id='word_1_237' title='bbox 1066 2912 1118 2992; x_wconf 85' lang='grc' dir='ltr'><strong><em>ἔζη</em></strong></span> <span class='ocrx_word' id='word_1_238' title='bbox 1138 2911 1217 2993; x_wconf 81' lang='grc' dir='ltr'><strong><em>μετὰ</em></strong></span> 
     </span>
     <span class='ocr_line' id='line_1_27' title="bbox 212 3013 731 3098; baseline 0.002 -20"><span class='ocrx_word' id='word_1_239' title='bbox 212 3016 369 3098; x_wconf 88' lang='grc' dir='ltr'><strong><em>γυναικὸς</em></strong></span> <span class='ocrx_word' id='word_1_240' title='bbox 391 3014 494 3079; x_wconf 84' lang='grc' dir='ltr'><strong><em>αὐτοῦ</em></strong></span> <span class='ocrx_word' id='word_1_241' title='bbox 516 3013 570 3079; x_wconf 80' lang='grc' dir='ltr'><strong><em>καὶ</em></strong></span> <span class='ocrx_word' id='word_1_242' title='bbox 593 3016 731 3079; x_wconf 87' lang='grc' dir='ltr'><strong><em>παίδων.</em></strong></span> 
     </span>
    </p>

    <p class='ocr_par' dir='ltr' id='par_1_3' title="bbox 213 3116 1252 3626">
     <span class='ocr_line' id='line_1_28' title="bbox 280 3116 1252 3204; baseline -0.001 -20"><span class='ocrx_word' id='word_1_243' title='bbox 280 3117 409 3204; x_wconf 62' lang='grc' dir='ltr'><strong><em>’Ἡμεῖς</em></strong></span> <span class='ocrx_word' id='word_1_244' title='bbox 423 3119 509 3202; x_wconf 82' lang='grc' dir='ltr'><strong><em>γάρ’,</em></strong></span> <span class='ocrx_word' id='word_1_245' title='bbox 528 3122 601 3203; x_wconf 89' lang='grc' dir='ltr'><strong><em>ἔφη,</em></strong></span> <span class='ocrx_word' id='word_1_246' title='bbox 621 3119 694 3184; x_wconf 64' lang='grc' dir='ltr'><strong><em>’δύο</em></strong></span> <span class='ocrx_word' id='word_1_247' title='bbox 710 3118 820 3204; x_wconf 89' lang='grc' dir='ltr'><strong><em>ἔσμέν,</em></strong></span> <span class='ocrx_word' id='word_1_248' title='bbox 839 3116 864 3185; x_wconf 83' lang='grc' dir='ltr'>ὦ</span> <span class='ocrx_word' id='word_1_249' title='bbox 881 3119 962 3201; x_wconf 89' lang='grc' dir='ltr'><strong><em>ξένε,</em></strong></span> <span class='ocrx_word' id='word_1_250' title='bbox 980 3123 1038 3185; x_wconf 89' lang='grc' dir='ltr'><strong><em>τὸν</em></strong></span> <span class='ocrx_word' id='word_1_251' title='bbox 1053 3120 1155 3186; x_wconf 85' lang='grc' dir='ltr'><strong><em>αὐτὸν</em></strong></span> <span class='ocrx_word' id='word_1_252' title='bbox 1170 3122 1217 3186; x_wconf 87' lang='grc' dir='ltr'><strong><em>οί-</em></strong></span> <span class='ocrx_word' id='word_1_253' title='bbox 1237 3135 1252 3183; x_wconf 84' lang='grc'><strong>6</strong></span> 
     </span>
     <span class='ocr_line' id='line_1_29' title="bbox 213 3221 1218 3309; baseline 0 -19"><span class='ocrx_word' id='word_1_254' title='bbox 213 3236 347 3302; x_wconf 90' lang='grc' dir='ltr'><strong><em>κοῦντες</em></strong></span> <span class='ocrx_word' id='word_1_255' title='bbox 368 3227 479 3290; x_wconf 89' lang='grc' dir='ltr'><strong><em>τόπον.</em></strong></span> <span class='ocrx_word' id='word_1_256' title='bbox 519 3227 635 3309; x_wconf 86' lang='grc' dir='ltr'><strong><em>ἔχομεν</em></strong></span> <span class='ocrx_word' id='word_1_257' title='bbox 659 3221 696 3289; x_wconf 71' lang='grc' dir='ltr'><strong><em>δὲ</em></strong></span> <span class='ocrx_word' id='word_1_258' title='bbox 719 3237 876 3307; x_wconf 82' lang='grc' dir='ltr'><strong><em>γυναῖκας</em></strong></span> <span class='ocrx_word' id='word_1_259' title='bbox 899 3225 1050 3308; x_wconf 79' lang='grc' dir='ltr'><strong><em>ἀλλήλων</em></strong></span> <span class='ocrx_word' id='word_1_260' title='bbox 1073 3226 1218 3309; x_wconf 76' lang='grc' dir='ltr'><strong><em>ἀδελφὰς</em></strong></span> 
     </span>
     <span class='ocr_line' id='line_1_30' title="bbox 213 3328 1216 3414; baseline -0.001 -18"><span class='ocrx_word' id='word_1_261' title='bbox 213 3329 267 3396; x_wconf 82' lang='grc' dir='ltr'><strong><em>καὶ</em></strong></span> <span class='ocrx_word' id='word_1_262' title='bbox 294 3332 413 3406; x_wconf 78' lang='grc' dir='ltr'><strong><em>παῖδας</em></strong></span> <span class='ocrx_word' id='word_1_263' title='bbox 436 3329 469 3407; x_wconf 87' lang='grc' dir='ltr'><strong><em>ἔξ</em></strong></span> <span class='ocrx_word' id='word_1_264' title='bbox 492 3330 602 3394; x_wconf 88' lang='grc' dir='ltr'><strong><em>αὐτῶν</em></strong></span> <span class='ocrx_word' id='word_1_265' title='bbox 623 3331 718 3405; x_wconf 84' lang='grc' dir='ltr'><strong><em>υίοὺς</em></strong></span> <span class='ocrx_word' id='word_1_266' title='bbox 740 3329 794 3395; x_wconf 85' lang='grc' dir='ltr'><strong><em>καὶ</em></strong></span> <span class='ocrx_word' id='word_1_267' title='bbox 816 3328 1008 3413; x_wconf 82' lang='grc' dir='ltr'><strong><em>θυγατέρας.</em></strong></span> <span class='ocrx_word' id='word_1_268' title='bbox 1055 3333 1157 3414; x_wconf 90' lang='grc' dir='ltr'><strong><em>ζῶμεν</em></strong></span> <span class='ocrx_word' id='word_1_269' title='bbox 1181 3328 1216 3395; x_wconf 73' lang='grc' dir='ltr'><strong><em>δὲ</em></strong></span> 
     </span>
     <span class='ocr_line' id='line_1_31' title="bbox 213 3435 1215 3521; baseline -0.001 -20"><span class='ocrx_word' id='word_1_270' title='bbox 213 3437 277 3501; x_wconf 83' lang='grc' dir='ltr'><strong><em>ἀπὸ</em></strong></span> <span class='ocrx_word' id='word_1_271' title='bbox 305 3441 412 3521; x_wconf 83' lang='grc' dir='ltr'><strong><em>θήρας</em></strong></span> <span class='ocrx_word' id='word_1_272' title='bbox 435 3437 479 3512; x_wconf 82' lang='grc' dir='ltr'><strong><em>ὡς</em></strong></span> <span class='ocrx_word' id='word_1_273' title='bbox 501 3438 538 3501; x_wconf 89' lang='grc' dir='ltr'><strong><em>τὸ</em></strong></span> <span class='ocrx_word' id='word_1_274' title='bbox 561 3437 663 3515; x_wconf 90' lang='grc' dir='ltr'><strong><em>πολύ,</em></strong></span> <span class='ocrx_word' id='word_1_275' title='bbox 691 3440 810 3518; x_wconf 89' lang='grc' dir='ltr'><strong><em>μικρόν</em></strong></span> <span class='ocrx_word' id='word_1_276' title='bbox 833 3460 864 3500; x_wconf 95' lang='grc' dir='ltr'><strong><em>τι</em></strong></span> <span class='ocrx_word' id='word_1_277' title='bbox 886 3445 943 3518; x_wconf 79' lang='grc' dir='ltr'><strong><em>τῆς</em></strong></span> <span class='ocrx_word' id='word_1_278' title='bbox 966 3445 1024 3519; x_wconf 79' lang='grc' dir='ltr'><strong><em>γῆς</em></strong></span> <span class='ocrx_word' id='word_1_279' title='bbox 1047 3435 1215 3518; x_wconf 83' lang='grc' dir='ltr'><strong><em>ἐπεργαζό-</em></strong></span> 
     </span>
     <span class='ocr_line' id='line_1_32' title="bbox 214 3541 1215 3626; baseline -0.003 -20"><span class='ocrx_word' id='word_1_280' title='bbox 214 3565 316 3626; x_wconf 89' lang='grc' dir='ltr'><strong><em>μενοι.</em></strong></span> <span class='ocrx_word' id='word_1_281' title='bbox 361 3543 399 3606; x_wconf 87' lang='grc' dir='ltr'><strong><em>τὸ</em></strong></span> <span class='ocrx_word' id='word_1_282' title='bbox 426 3543 489 3624; x_wconf 81' lang='grc' dir='ltr'><strong><em>γὰρ</em></strong></span> <span class='ocrx_word' id='word_1_283' title='bbox 517 3545 639 3625; x_wconf 84' lang='grc' dir='ltr'><strong><em>χωρίον</em></strong></span> <span class='ocrx_word' id='word_1_284' title='bbox 663 3541 724 3606; x_wconf 90' lang='grc' dir='ltr'><strong><em>οὐκ</em></strong></span> <span class='ocrx_word' id='word_1_285' title='bbox 748 3545 836 3605; x_wconf 86' lang='grc' dir='ltr'><strong><em>ἔστιν</em></strong></span> <span class='ocrx_word' id='word_1_286' title='bbox 859 3541 1034 3624; x_wconf 77' lang='grc' dir='ltr'><strong><em>ἡμέτερον,</em></strong></span> <span class='ocrx_word' id='word_1_287' title='bbox 1058 3543 1133 3604; x_wconf 83' lang='grc' dir='ltr'><strong><em>οὔτε</em></strong></span> <span class='ocrx_word' id='word_1_288' title='bbox 1157 3564 1215 3604; x_wconf 86' lang='grc' dir='ltr'><strong><em>πα-</em></strong></span> 
     </span>
    </p>

    <p class='ocr_par' dir='ltr' id='par_1_4' title="bbox 266 3649 1059 3703">
     <span class='ocr_line' id='line_1_33' title="bbox 266 3649 1059 3703; baseline 0.001 -10"><span class='ocrx_word' id='word_1_289' title='bbox 266 3653 416 3703; x_wconf 66' lang='lat' dir='ltr'><strong>Florilegium</strong></span> <span class='ocrx_word' id='word_1_290' title='bbox 431 3652 541 3692; x_wconf 73' lang='lat' dir='ltr'>Graecum</span> <span class='ocrx_word' id='word_1_291' title='bbox 556 3653 595 3692; x_wconf 88' lang='lat' dir='ltr'><strong><em>1x.</em></strong></span> <span class='ocrx_word' id='word_1_292' title='bbox 1043 3649 1059 3694; x_wconf 73' lang='grc'>4</span> 
     </span>
    </p>
   </div>
   <div class='ocr_carea' id='block_1_3' title="bbox 0 0 1577 3962">
    <p class='ocr_par' dir='ltr' id='par_1_5' title="bbox 0 0 1577 3962">
     <span class='ocr_line' id='line_1_34' title="bbox 0 0 1577 3962; baseline 0 0"><span class='ocrx_word' id='word_1_293' title='bbox 0 0 1577 3962; x_wconf 95' lang='lat' dir='ltr'><strong><em> </em></strong></span> 
     </span>
    </p>
   </div>
  </div>
 </body>
</html>
