3118 3962
568 296 641 347 xm.
660 287 884 364 Αοααιεαου,
1186 292 1228 353 65

141 460 181 514 ἰο
226 455 439 538 Παγκράτην·
463 451 517 518 καὶ
539 455 579 518 τὰ
602 449 663 536 μὲν
683 457 794 536 πρῶτα
812 453 957 536 ήγνόοον
977 442 1065 529 ὑστις
1083 441 1137 537 ήν,
1160 449 1229 517 ἐπεὶ
1248 475 1263 519 3

141 557 186 630 ἔας·
225 557 264 624 δέ
289 543 400 644 ἑώρων
423 559 541 641 αὑτόν,
564 565 598 623 εί
616 581 693 624 ποτε
716 559 911 642 ὁρμίσαιμεν
934 561 971 624 τὸ
994 565 1123 641 πλοῖον,
1147 561 1229 622 άλλα

143 687 184 728 αι
225 689 260 730 τε
283 667 388 731 πολλά
410 665 562 748 τεράστια
586 664 815 749 ἐργαζόμενον,
837 663 892 729 καλ
911 666 951 748 δή
969 664 1025 729 καὶ
1043 663 1096 729 ἐπὶ
1114 688 1228 746 κροκο-

149 793 183 836 a:
225 773 346 835 δείλων
374 769 557 854 ὀχούμενον
583 769 638 834 καὶ
661 769 842 834 συννέοντα
865 783 933 846 τοῖς
955 776 1101 854 θηρίοις,
1130 771 1168 834 τά
1192 765 1228 833 δέ

141 901 181 956 ςιτ
223 875 479 957 ὑποπτήσσοντα
501 873 556 939 καὶ
580 879 736 940 σαίνοντα
759 885 829 950 ταῖς
851 874 981 958 οὐραῖς,
1009 879 1115 958 ἔγνων
1140 876 1228 958 ίερόν

141 1014 179 1058 ηε·
224 1003 300 1044 τινα
318 981 498 1061 ἄνθρωπον
518 983 608 1061 ὄντα,
626 979 680 1044 καὶ
695 981 776 1044 κατά
790 984 908 1064 μικρὸν
922 983 1229 1064 φιλοφρονούμενος

141 1119 172 1158 ς,
224 1089 350 1151 ἔλαθον
383 1084 509 1168 ἑταῖρος
541 1087 628 1172 αὐτῷ
662 1083 715 1150 καλ
746 1088 895 1168 συνήθης
923 1089 1114 1169 γενόμενος,
1147 1087 1227 1149 ὥστε

141 1209 173 1266 ’,η-
222 1193 359 1255 πάντων
383 1191 549 1256 ἐκοινώνει
572 1215 628 1275 μοι
651 1202 716 1255 τῶν
739 1190 947 1274 ἀπορρήτων·
970 1191 1024 1256 καὶ
1047 1191 1138 1267 τέλος
1160 1195 1228 1255 πεί-

222 1303 281 1360 θει
304 1320 342 1380 με
366 1299 443 1372 τοὺς
465 1293 525 1379 μέν
549 1295 675 1372 οἰκέτας
693 1297 837 1372 ἅπαντας
855 1297 891 1361 έν
909 1307 948 1381 τη
961 1297 1114 1381 Μέμφιδι
1133 1320 1227 1360 κατα-

223 1408 350 1485 λιπεῖν,
382 1402 484 1466 αὐτὸν
512 1401 548 1466 δὲ
575 1405 679 1485 μόνον
707 1401 905 1467 ἀκολουθεῖν
935 1401 1002 1484 μετ’
1035 1403 1151 1483 αὐτοῦ,
1183 1403 1227 1484 μή

223 1509 288 1591 γάρ
308 1506 487 1592 ἀπορήσειν
505 1507 589 1590 ἡμᾶς
607 1519 673 1572 τῶν
693 1507 989 1590 διακονησομένων.
1021 1506 1076 1572 καὶ
1093 1509 1129 1572 τὸ
1148 1507 1227 1590 μετά

153 1603 164 1655 '²
223 1623 322 1678 τοῦτο
346 1613 432 1678 οὑτω
456 1615 622 1696 διήγομεν.
659 1613 770 1697 ἐπειδή
794 1610 831 1678 δὲ
854 1617 1009 1698 ἔλθοιμεν
1032 1622 1078 1690 εῖς
1099 1639 1131 1679 τι
1154 1636 1262 1681 κατ-4

141 1743 164 1790 j:
223 1721 388 1801 αγώγιον,
416 1720 527 1802 λαβὼν
555 1718 597 1783 άν
625 1719 642 1784 ὁ
667 1719 750 1802 άνήρ
773 1721 831 1784 τὸν
854 1722 978 1803 μοχλὸν
1000 1728 1057 1802 τῆς
1078 1719 1227 1809 θόραςή

223 1827 263 1889 τὸ
286 1827 455 1910 κόρηθρον
473 1823 494 1906 ή
512 1822 566 1888 καὶ
585 1827 621 1889 τὸ
640 1825 764 1907 ὕπερον
782 1826 968 1908 περιβαλὼν
987 1825 1125 1909 ἱματίοις
1144 1825 1228 1889 ἐπει-

144 1958 157 2015 ':.
222 1931 298 1995 πάν
324 1953 398 1994 τινα
427 1929 558 2018 ἐπῳδήν
586 1929 688 1994 ἐποίει
715 1933 860 2014 βαδίζειν
882 1942 951 2005 τοῖς
973 1932 1084 2007 ἄλλοις
1106 1933 1227 1995 άπασιν

142 2083 159 2124 ,,
223 2038 407 2120 άνθραπον
438 2032 523 2099 εἶναι
553 2037 729 2100 δοκοῦντα·
761 2039 798 2101 τὸ
829 2032 866 2100 δὲ
896 2035 1044 2101 ἀπελθὸν
1072 2037 1164 2122 ὕδωρ
1194 2060 1228 2101 τε

146 2181 160 2226 a*
224 2141 381 2224 άτιήντλει
405 2139 458 2204 καὶ
479 2141 609 2218 ὠψώνει
627 2139 682 2205 καὶ
701 2142 849 2220 ἐσκεύαζε
868 2140 922 2206 καὶ
941 2140 974 2218 ἐς
991 2143 1097 2207 πάντα
1116 2144 1230 2220 δεξιῶς

224 2245 379 2329 ὑπηρέτει
401 2245 455 2310 καὶ
479 2248 662 2329 διηκονεῖτο
681 2247 773 2330 ήμῖν·
797 2243 866 2312 εἶτα
885 2243 921 2312 δέ
940 2247 1052 2331 ἐπειδή
1071 2250 1143 2324 ἅλις
1161 2252 1228 2334 ἔχοι

142 2385 156 2432 χ,
224 2361 283 2433 τής
306 2353 483 2434 διακονίας,
506 2347 605 2428 αὖθις
627 2356 796 2438 κόρηθρον
819 2356 856 2419 τὸ
879 2356 1047 2438 κόρηθρον
1066 2353 1086 2436 ή
1105 2355 1228 2438 ὕπερον

143 2515 154 2546 a
223 2460 262 2521 τὸ
292 2457 416 2534 ὕστερον
447 2457 550 2540 άλλην
578 2457 709 2545 ἐπῳδήν
738 2458 879 2523 ἐπειπὼν
907 2458 1008 2524 ἐποίει
1034 2461 1086 2524 άν.
1131 2472 1228 2525 τοῦτο

143 2617 147 2648 z
224 2562 290 2644 ἐγὼ
313 2563 401 2626 πάνυ
424 2560 635 2638 ἐσπουδακὼς
657 2563 717 2627 οὐκ
740 2559 831 2647 εἶχον
849 2562 937 2640 ὅπως
955 2565 1131 2649 ἐκμάθοιμι
1150 2563 1226 2646 παρ’

143 2695 149 2728 ’,
224 2667 342 2731 αὑτοῦ·
363 2667 533 2750 ἐβάσκαινε
553 2669 616 2752 γάρ
636 2669 750 2751 αὐτοῦ,
767 2673 874 2734 καίτοι
891 2672 974 2754 πρὸς
990 2673 1029 2734 τὰ
1048 2673 1131 2736 άλλα
1149 2695 1228 2755 προ-

225 2775 412 2858 χειρότατος
440 2775 494 2837 ὥν.
540 2783 599 2860 μιᾷ
627 2773 667 2838 δέ
690 2795 768 2838 ποτε
795 2773 899 2862 ήμέρᾳ
925 2779 1042 2841 λαθὼν
1064 2777 1262 2860 ἐπήκουσασ

144 2957 146 2965 ⁸
224 2888 283 2960 τής
310 2877 451 2966 ἐπῳδῆς,
478 2875 520 2962 ήν
549 2875 586 2943 δὲ
611 2881 842 2964 τρισύλλαβος,
871 2884 989 2966 σχεδὸν
1013 2883 1049 2948 ἐν
1072 2891 1228 2970 σκοτεινῷ

224 2985 379 3060 ὑποστάς.
411 2982 465 3049 καὶ
489 2985 508 3050 ὁ
530 2981 591 3068 μὲν
610 2982 712 3072 ᾤχετο
730 2984 764 3060 ἐς
782 2987 842 3068 τήν
861 2985 986 3070 άγορδιν
1005 2987 1229 3072 ἐντειλάμενος

225 3099 271 3177 τῷ
301 3087 411 3177 ὑπέρῳ
442 3089 461 3154 δ
490 3092 557 3154 ἔδει
586 3102 703 3155 ποιεῖν.
749 3089 812 3174 ἐγὼ
841 3087 878 3156 δὲ
906 3092 939 3167 ἐς
966 3093 1026 3175 τήν
1052 3094 1228 3177 ὑστεραίαν

226 3195 355 3259 ἐκείνου
382 3219 413 3258 τι
440 3197 520 3260 κατά
547 3199 608 3280 τήν
633 3195 759 3279 ἀγοράν
781 3198 1094 3281 πραγματευομένου
1117 3201 1229 3284 λαβὼν

225 3303 262 3364 τὸ
285 3299 409 3382 ὕπερον
433 3307 641 3385 σχηματίσας,
664 3302 786 3384 ὁμοίως
809 3301 950 3367 ἐπειπὼν
973 3305 1030 3380 τάς
1053 3306 1229 3387 συλλαβάς,

226 3403 377 3470 ἐκέλευον
403 3405 613 3490 ὑδροφορεῖν.
660 3404 728 3470 ἐπεὶ
756 3402 793 3470 δέ
821 3406 1066 3491 ἐμπλησάμενος
1088 3411 1146 3475 τὸν
1169 3411 1228 3494 άμ-

226 3507 331 3593 φορέα
354 3509 499 3594 ἐκόμισε,
529 3510 744 3594 “Πέπανσο”,
769 3515 872 3596 ἐφην,
895 3512 972 3578 “nal
995 3514 1106 3598 μηκέτι
1129 3515 1228 3599 ὑδρο-

226 3619 338 3699 φόρει,
366 3612 438 3680 ἀλλ’
468 3622 540 3680 ἐσθι
569 3611 669 3692 αὖθις
697 3614 855 3701 ὑπερον.”
901 3621 938 3681 τὸ
968 3614 1005 3681 δέ
1035 3617 1143 3682 οὐκέτι
1172 3643 1228 3702 μοι

279 3727 429 3778 Florilegium
442 3728 554 3769 emaum
567 3727 608 3769 11.
1053 3725 1070 3773 ὑ
