3118 3962
335 249 375 312 18
704 252 773 310 Νι),
792 253 965 346 [mun]

333 435 381 487 τις
402 412 505 477 ταύτά
527 413 616 480 ταῦτ
639 413 781 500 ἀδικήσῃ
803 415 843 480 τά
866 413 1036 497 ἀγάλματα
1053 425 1121 481 τῶν
1137 420 1240 494 θεῶν,
1263 409 1336 478 οὐδ’

333 517 443 582 αὐτῶν
460 520 623 584 κωλύσετε
641 530 708 585 τῶν
728 521 827 601 ἱερῶν
846 519 1029 603 ἐπιβαίνειν
1047 519 1227 603 ἣείσιόντα
1239 541 1339 601 τιμω-

333 625 491 707 ρήσεσθες
523 622 578 690 καὶ
601 621 662 708 μὲν
686 626 727 708 δὴ
751 626 878 691 τούτων
901 623 956 692 καὶ
980 628 1109 692 δίκαιον
1132 622 1186 692 καὶ
1209 622 1340 707 ἀγαθόν

334 727 424 794 ἐστιν
444 727 683 813 ἐπιμελεῖσθαι,
701 727 760 814 ὑφ’
777 723 824 795 ὧν
842 727 897 796 καλ
911 725 950 796 εὖ
963 729 1018 796 καὶ
1032 741 1138 806 κακῶς
1152 731 1339 814 δυνήσεσθε

145 848 151 875 ⁴
282 847 313 898 11
332 834 479 918 πάσχειν.
524 832 606 919 φασὶ
634 831 671 900 δὲ
698 833 753 900 καὶ
781 847 846 900 τῶν
865 834 1034 920 Ἑλλήνων
1056 838 1200 912 πολλοὺς
1222 836 1277 901 διὰ
1300 837 1340 900 τὰ

147 928 151 951 ¹
333 937 449 1005 ἐνθάδ’
474 937 650 1024 ἀσεβηματ’
672 940 707 1006 ἐκ
729 951 797 1006 τῶν
819 938 896 1025 παρ’
916 941 1028 1018 αὐτοῖς
1052 943 1149 1027 ίερῶν
1173 940 1340 1026 ἐξείργειν.

332 1045 426 1128 ὑμεῖς
448 1042 480 1109 δ’
501 1044 595 1111 αὐτοὶ
618 1046 654 1110 οί
673 1045 887 1130 ἀδικηθέντες
904 1046 979 1131 περὶ
999 1047 1170 1123 ἐλάττονος
1187 1054 1340 1112 ποιεῖσθε

333 1151 372 1214 τά
394 1135 471 1232 παρ’
491 1151 571 1236 ὑμῖν
594 1155 716 1236 νόμιμα
739 1151 760 1236 ἢ
784 1151 888 1236 ἕτεροι
910 1154 950 1218 τά
968 1152 1117 1237 ὑμέτερα.
1148 1162 1285 1218 τοσοῦτο
1306 1150 1337 1218 δ’
1416 1149 1417 1170 ἢ

334 1251 430 1332 οὖτος
457 1260 628 1342 Διαγόρου
660 1267 720 1323 τοῦ
748 1261 884 1341 Μηλίου
914 1257 1126 1343 ἀσεβέστερος
1153 1256 1339 1342 γεγένηται·

334 1360 458 1438 ἐκεῖνος
484 1359 545 1446 μέν
572 1364 635 1448 γάρ
658 1366 746 1453 λόγῳ
769 1361 907 1448 περὶτὰ
930 1362 1075 1448 ἀλλότρι’
1096 1365 1167 1448 ίερά
1189 1362 1244 1430 καὶ
1267 1361 1341 1448 ἐορ-

333 1467 390 1543 τάς
411 1466 535 1552 ἠσέβει,
558 1463 654 1544 οὗτος
678 1463 715 1532 δέ
738 1471 822 1556 ἐργφ
845 1471 920 1552 περί
942 1469 982 1534 τὰ
1002 1468 1039 1533 ἐν
1057 1478 1096 1554 τῇ
1115 1468 1217 1568 αύτοῦ
1235 1471 1342 1536 πόλει.

334 1573 523 1657 ὀργίζεσθαι
547 1569 609 1639 οὖν
631 1577 710 1660 χρη,
737 1571 762 1640 ὦ
787 1575 906 1660 ἀνδρες
924 1573 1113 1658 Ἀθηναῖοι,
1138 1573 1343 1652 τοίςάστοῑς
1418 1653 1419 1662 ¹

334 1677 486 1744 ἀδικοῦσι
510 1684 636 1763 μᾶλλον
659 1679 679 1764 ἦ
703 1691 771 1756 τοῖς
793 1678 899 1757 ξένοις
920 1682 994 1765 περί
1017 1689 1117 1747 ταῦτα
1135 1681 1175 1745 τά
1194 1680 1278 1764 ίερά·
1301 1683 1342 1746 τὸ
1418 1665 1419 1670 ¹

334 1781 394 1869 μέν
416 1785 479 1870 γάρ
502 1785 611 1870 ὥσπερ
634 1785 810 1868 ἀλλότριόν
834 1785 924 1852 ἐστιν
954 1784 1142 1870 ἁμάρτημα,
1169 1787 1206 1852 τὸ
1234 1782 1263 1850 δ’
1291 1788 1343 1850 οί-

151 1948 154 1957 .
283 1904 315 1952 12
333 1901 432 1956 κεῑον.
477 1889 532 1956 καί
555 1893 599 1975 μὴ
622 1891 680 1968 οὓς
703 1890 763 1975 μὲν
787 1889 867 1976 ἔχετ’
892 1891 1089 1970 ἀδικοῦντας
1111 1891 1240 1976 ἀφίετε,
1262 1894 1343 1968 τοὺς

334 1992 371 2060 δέ
405 1997 590 2080 φεύγοντας
621 2001 740 2080 ζητεῖτε
773 1996 1036 2080 συλλαμβάνειν,
1072 1995 1344 2082 ἐπικηρύττοντες

333 2102 495 2166 τάλαντον
513 2101 674 2186 ἀργυρίου
693 2103 813 2168 δώσειν
832 2111 877 2189 τῷ
893 2100 1052 2184 ἀπάγοντι
1067 2101 1087 2185 ἢ
1102 2098 1344 2168 ἀποκτείναντι.

333 2209 364 2272 εί
386 2204 423 2272 δέ
446 2210 502 2291 μή,
526 2207 635 2285 δόξετε
658 2219 727 2284 τοῖς
740 2205 877 2291 Ἕλλησι
900 2208 1076 2291 κομπάζειν
1099 2213 1225 2292 μᾶλλον
1247 2205 1269 2291 ἣ
1291 2231 1344 2272 τι-

150 2306 155 2343 *
283 2328 313 2375 18
333 2319 516 2398 μετρεῖσθαι
534 2313 726 2396 βούλεσθαι.
758 2310 944 2390 ἐπεδείξατο
964 2309 1001 2378 δὲ
1019 2311 1074 2378 καὶ
1092 2325 1160 2390 τοῖς
1169 2311 1344 2396 Ἕλλησιν,

333 2418 383 2484 ὅτι
410 2421 512 2492 θεοὺς
539 2416 580 2483 ού
607 2420 741 2501 νομίζει.
787 2416 828 2482 ού
850 2419 913 2501 γάρ
936 2417 980 2494 ὡς
1003 2419 1120 2494 δεδιὼς
1142 2419 1182 2482 τὰ
1204 2439 1345 2502 πεποιη-

333 2522 426 2608 μένα,
451 2519 520 2588 ἀλλ’
544 2523 588 2598 ὡς
606 2529 756 2606 θαρρῶν,
778 2527 961 2610 ναυκληρίᾳ
984 2521 1179 2607 ἐπιθέμενος
1196 2525 1257 2607 τὴν
1275 2525 1344 2588 θά-

333 2634 452 2695 λατταν
472 2631 568 2694 ἔπλει.
603 2629 621 2694 ὁ
641 2624 678 2692 δὲ
697 2630 777 2704 θεὸς
794 2627 920 2710 ὑπῆγεν
940 2628 1052 2711 αὐτόν,
1075 2626 1119 2694 ἵν’
1140 2628 1346 2714 ἀφικόμενος

332 2737 379 2812 είς
405 2735 444 2799 τά
472 2732 683 2819 ἁμαρτήματα
711 2731 764 2798 ἐπὶ
791 2742 830 2818 τῇ
859 2732 919 2818 ἐμῇ
946 2735 1110 2819 προφάσει
1133 2735 1208 2820 δοίη
1232 2736 1345 2818 δίκην.

283 2857 314 2904 14
334 2839 450 2918 ἐλπίζω
478 2835 539 2923 μέν
567 2833 629 2904 οὖν
657 2838 758 2904 αὐτὸν
786 2836 840 2903 καὶ
864 2839 983 2904 δώσειν
1008 2840 1120 2923 δίκην,
1147 2839 1345 2924 θαυμάσιον

332 2944 362 3012 δ’
385 2941 485 3012 οὐδέν
508 2945 550 3010 ἀν
573 2968 629 3029 μοι
652 2942 791 3027 γένοιτο.
824 2940 904 3009 ούδδ
926 2945 989 3028 γάρ
1009 2944 1027 3009 ὁ
1045 2946 1125 3020 θεὸς
1142 2955 1344 3030 παραχρῆμα

330 3052 474 3134 κολάζει,
502 3047 574 3116 ἀλλ’
599 3050 681 3133 αὕτη
709 3047 770 3133 μέν
798 3049 887 3114 ἐστιν
911 3049 1105 3134 ἀνθρωπίνη
1130 3052 1214 3134 δίκη.
1259 3055 1345 3116 πολ-

331 3161 475 3243 λαχόθεν
499 3153 536 3221 δέ
560 3159 622 3241 ἔχω
646 3158 901 3238 τεκμαιρόμενος
919 3156 1070 3238 εἰκάζειν,
1093 3156 1181 3240 ὁρῶν
1199 3153 1253 3221 καὶ
1272 3153 1344 3222 ἐτέ-

331 3288 411 3347 ρους
437 3263 637 3348 ἠσεβηκότας
663 3264 772 3349 χρόνφ
801 3260 985 3337 δεδωκότας
1009 3261 1104 3344 δίκην
1126 3259 1282 3338 καὶτοὺς
1305 3259 1342 3340 ἐξ

331 3369 467 3436 ἐκείνων
499 3369 554 3434 διδ
586 3369 625 3434 τά
656 3376 723 3431 τῶν
755 3368 931 3450 προγόνων
964 3364 1185 3450 ἁμαρτήματα.
1231 3365 1268 3432 ἐν
1302 3364 1343 3432 δὲ

330 3476 437 3563 τούτῳ
459 3483 504 3562 τῷ
529 3477 638 3561 χρόνῳ
662 3470 718 3554 δέη
742 3471 848 3535 πολλὰ
868 3468 923 3534 καὶ
940 3472 1119 3548 κινδύνους
1137 3472 1155 3538 ὁ
1173 3473 1253 3550 θεὸς
1271 3471 1342 3538 ἐπι-

333 3578 452 3663 πέμπει
474 3591 543 3655 τοῖς
566 3578 756 3658 ἀδικοῦσιν,
780 3577 861 3640 ὥστε
885 3578 1028 3651 πολλοὺς
1050 3577 1113 3659 ἤδη
1137 3575 1344 3662 ἐπιθυμῆσαι
